<?xml version="1.0" encoding="UTF-8"?>
<!DOCTYPE html PUBLIC "-//W3C//DTD XHTML 1.0 Transitional//EN"
    "http://www.w3.org/TR/xhtml1/DTD/xhtml1-transitional.dtd">
<html xmlns="http://www.w3.org/1999/xhtml" xml:lang="en" lang="en">
 <head>
  <title>
</title>
<meta http-equiv="Content-Type" content="text/html;charset=utf-8" />
  <meta name='ocr-system' content='tesseract 3.04.00' />
  <meta name='ocr-capabilities' content='ocr_page ocr_carea ocr_par ocr_line ocrx_word'/>
</head>
<body>
  <div class='ocr_page' id='page_1' title='image "./ccorneliitaciti00obergoog_0247.png"; bbox 0 0 1710 3218; ppageno 0'>
   <div class='ocr_carea' id='block_1_1' title="bbox 80 282 749 340">
    <p class='ocr_par' dir='ltr' id='par_1_1' title="bbox 80 282 749 340">
     <span class='ocr_line' id='line_1_1' title="bbox 80 282 749 340; baseline -0.016 0"><span class='ocrx_word' id='word_1_1' title='bbox 80 295 128 340; x_wconf 76' lang='lat' dir='ltr'>ass</span> <span class='ocrx_word' id='word_1_2' title='bbox 266 282 558 336; x_wconf 76' lang='lat' dir='ltr'>sUPPLEMENTUM</span> <span class='ocrx_word' id='word_1_3' title='bbox 625 282 749 332; x_wconf 68' lang='lat' dir='ltr'>suc-rso</span> 
     </span>
    </p>
   </div>
   <div class='ocr_carea' id='block_1_2' title="bbox 55 416 791 2823">
    <p class='ocr_par' dir='ltr' id='par_1_2' title="bbox 77 416 750 928">
     <span class='ocr_line' id='line_1_2' title="bbox 82 416 750 480; baseline -0.004 -11"><span class='ocrx_word' id='word_1_4' title='bbox 82 436 146 469; x_wconf 87' lang='lat' dir='ltr'>more</span> <span class='ocrx_word' id='word_1_5' title='bbox 156 418 238 466; x_wconf 79' lang='lat' dir='ltr'>milites</span> <span class='ocrx_word' id='word_1_6' title='bbox 254 418 370 473; x_wconf 86' lang='lat' dir='ltr'>allocutus,</span> <span class='ocrx_word' id='word_1_7' title='bbox 384 417 497 480; x_wconf 82' lang='lat' dir='ltr'>jactitavit</span> <span class='ocrx_word' id='word_1_8' title='bbox 506 416 605 465; x_wconf 90' lang='lat' dir='ltr'>Darium</span> <span class='ocrx_word' id='word_1_9' title='bbox 613 425 637 466; x_wconf 90' lang='lat' dir='ltr'>et</span> <span class='ocrx_word' id='word_1_10' title='bbox 647 418 750 466; x_wconf 79' lang='lat' dir='ltr'>Xerxem</span> 
     </span>
     <span class='ocr_line' id='line_1_3' title="bbox 82 483 749 550; baseline -0.001 -17"><span class='ocrx_word' id='word_1_11' title='bbox 82 485 175 550; x_wconf 86' lang='lat' dir='ltr'>puerilia</span> <span class='ocrx_word' id='word_1_12' title='bbox 194 484 298 531; x_wconf 81' lang='lat' dir='ltr'>molitos:</span> <span class='ocrx_word' id='word_1_13' title='bbox 322 498 348 530; x_wconf 88' lang='lat' dir='ltr'>se</span> <span class='ocrx_word' id='word_1_14' title='bbox 366 498 421 530; x_wconf 83' lang='lat' dir='ltr'>vero</span> <span class='ocrx_word' id='word_1_15' title='bbox 438 483 519 537; x_wconf 84' lang='lat' dir='ltr'>virilia,</span> <span class='ocrx_word' id='word_1_16' title='bbox 536 488 559 529; x_wconf 94' lang='lat' dir='ltr'>et</span> <span class='ocrx_word' id='word_1_17' title='bbox 577 483 638 532; x_wconf 90' lang='lat' dir='ltr'>orbis</span> <span class='ocrx_word' id='word_1_18' title='bbox 656 485 749 532; x_wconf 79' lang='lat' dir='ltr'>domins</span> 
     </span>
     <span class='ocr_line' id='line_1_4' title="bbox 82 546 749 613; baseline -0.001 -15"><span class='ocrx_word' id='word_1_19' title='bbox 82 553 152 613; x_wconf 86' lang='lat' dir='ltr'>digna</span> <span class='ocrx_word' id='word_1_20' title='bbox 162 546 275 611; x_wconf 72' lang='lat' dir='ltr'>gessisse?</span> <span class='ocrx_word' id='word_1_21' title='bbox 292 555 418 596; x_wconf 85' lang='lat' dir='ltr'>catenatum</span> <span class='ocrx_word' id='word_1_22' title='bbox 430 549 584 608; x_wconf 75' lang='lat' dir='ltr'>calcatamque</span> <span class='ocrx_word' id='word_1_23' title='bbox 595 563 688 611; x_wconf 76' lang='lat' dir='ltr'>aequor:</span> <span class='ocrx_word' id='word_1_24' title='bbox 708 564 749 597; x_wconf 84' lang='lat' dir='ltr'>ex·</span> 
     </span>
     <span class='ocr_line' id='line_1_5' title="bbox 82 613 749 678; baseline 0.003 -18"><span class='ocrx_word' id='word_1_25' title='bbox 82 621 194 678; x_wconf 85' lang='lat' dir='ltr'>pugnatas</span> <span class='ocrx_word' id='word_1_26' title='bbox 205 615 284 660; x_wconf 82' lang='lat' dir='ltr'>urbes:</span> <span class='ocrx_word' id='word_1_27' title='bbox 304 613 404 661; x_wconf 84' lang='lat' dir='ltr'>devictos</span> <span class='ocrx_word' id='word_1_28' title='bbox 421 614 529 676; x_wconf 82' lang='lat' dir='ltr'>populos:</span> <span class='ocrx_word' id='word_1_29' title='bbox 548 613 604 661; x_wconf 88' lang='lat' dir='ltr'>deos</span> <span class='ocrx_word' id='word_1_30' title='bbox 613 615 683 676; x_wconf 87' lang='lat' dir='ltr'>ipsos,</span> <span class='ocrx_word' id='word_1_31' title='bbox 700 628 749 662; x_wconf 87' lang='lat' dir='ltr'>ma·</span> 
     </span>
     <span class='ocr_line' id='line_1_6' title="bbox 77 676 749 744; baseline -0.001 -17"><span class='ocrx_word' id='word_1_32' title='bbox 77 683 184 744; x_wconf 88' lang='lat' dir='ltr'>jestatem</span> <span class='ocrx_word' id='word_1_33' title='bbox 193 692 256 725; x_wconf 85' lang='lat' dir='ltr'>suam</span> <span class='ocrx_word' id='word_1_34' title='bbox 264 679 354 733; x_wconf 83' lang='lat' dir='ltr'>veritos,</span> <span class='ocrx_word' id='word_1_35' title='bbox 363 677 434 725; x_wconf 84' lang='lat' dir='ltr'>ductu</span> <span class='ocrx_word' id='word_1_36' title='bbox 442 677 541 739; x_wconf 86' lang='lat' dir='ltr'>flatuque</span> <span class='ocrx_word' id='word_1_37' title='bbox 548 679 667 727; x_wconf 88' lang='lat' dir='ltr'>abstinere.</span> <span class='ocrx_word' id='word_1_38' title='bbox 687 676 749 726; x_wconf 73' lang='lat' dir='ltr'>Haec</span> 
     </span>
     <span class='ocr_line' id='line_1_7' title="bbox 82 743 748 806; baseline -0.003 -14"><span class='ocrx_word' id='word_1_39' title='bbox 82 746 170 804; x_wconf 90' lang='lat' dir='ltr'>aliaque</span> <span class='ocrx_word' id='word_1_40' title='bbox 180 744 203 790; x_wconf 89' lang='lat' dir='ltr'>id</span> <span class='ocrx_word' id='word_1_41' title='bbox 212 743 312 790; x_wconf 84' lang='lat' dir='ltr'>stultitiae</span> <span class='ocrx_word' id='word_1_42' title='bbox 320 744 437 806; x_wconf 85' lang='lat' dir='ltr'>gloriatus,</span> <span class='ocrx_word' id='word_1_43' title='bbox 445 743 528 790; x_wconf 84' lang='lat' dir='ltr'><strong>milites</strong></span> <span class='ocrx_word' id='word_1_44' title='bbox 538 743 640 791; x_wconf 87' lang='lat' dir='ltr'>laborum</span> <span class='ocrx_word' id='word_1_45' title='bbox 652 760 679 792; x_wconf 88' lang='lat' dir='ltr'>ao</span> <span class='ocrx_word' id='word_1_46' title='bbox 689 746 748 806; x_wconf 87' lang='lat' dir='ltr'>peri·</span> 
     </span>
     <span class='ocr_line' id='line_1_8' title="bbox 82 807 749 872; baseline 0.001 -15"><span class='ocrx_word' id='word_1_47' title='bbox 82 810 184 858; x_wconf 89' lang='lat' dir='ltr'>culorum</span> <span class='ocrx_word' id='word_1_48' title='bbox 200 809 278 855; x_wconf 91' lang='lat' dir='ltr'>socios&#39;</span> <span class='ocrx_word' id='word_1_49' title='bbox 288 807 412 871; x_wconf 86' lang='lat' dir='ltr'>compellat,</span> <span class='ocrx_word' id='word_1_50' title='bbox 430 815 453 854; x_wconf 93' lang='lat' dir='ltr'>et</span> <span class='ocrx_word' id='word_1_51' title='bbox 466 808 572 855; x_wconf 85' lang='lat' dir='ltr'>donativo</span> <span class='ocrx_word' id='word_1_52' title='bbox 584 811 665 872; x_wconf 87' lang='lat' dir='ltr'>magis,</span> <span class='ocrx_word' id='word_1_53' title='bbox 682 823 749 870; x_wconf 80' lang='lat' dir='ltr'>quam</span> 
     </span>
     <span class='ocr_line' id='line_1_9' title="bbox 83 872 491 928; baseline 0 -8"><span class='ocrx_word' id='word_1_54' title='bbox 83 874 193 928; x_wconf 78' lang='lat' dir='ltr'>laudibus,</span> <span class='ocrx_word' id='word_1_55' title='bbox 210 874 238 920; x_wconf 86' lang='lat' dir='ltr'>ad</span> <span class='ocrx_word' id='word_1_56' title='bbox 248 873 349 920; x_wconf 84' lang='lat' dir='ltr'>laetitiam</span> <span class='ocrx_word' id='word_1_57' title='bbox 359 872 491 920; x_wconf 74' lang='lat' dir='ltr'>inflammat.</span> 
     </span>
    </p>

    <p class='ocr_par' dir='ltr' id='par_1_3' title="bbox 82 937 750 1845">
     <span class='ocr_line' id='line_1_10' title="bbox 113 937 749 1002; baseline 0.005 -18"><span class='ocrx_word' id='word_1_58' title='bbox 113 937 213 1002; x_wconf 70' lang='lat' dir='ltr'>[Epulis</span> <span class='ocrx_word' id='word_1_59' title='bbox 230 938 337 993; x_wconf 86' lang='lat' dir='ltr'>cantibus,</span> <span class='ocrx_word' id='word_1_60' title='bbox 354 937 418 993; x_wconf 92' lang='lat' dir='ltr'>ludis,</span> <span class='ocrx_word' id='word_1_61' title='bbox 436 938 621 1001; x_wconf 86' lang='lat' dir='ltr'>triumphalisque</span> <span class='ocrx_word' id='word_1_62' title='bbox 636 938 749 987; x_wconf 69' lang='lat' dir='ltr'>armcitiis</span> 
     </span>
     <span class='ocr_line' id='line_1_11' title="bbox 83 1001 747 1067; baseline 0.003 -19"><span class='ocrx_word' id='word_1_63' title='bbox 83 1001 206 1050; x_wconf 78' lang='lat' dir='ltr'>festivitate</span> <span class='ocrx_word' id='word_1_64' title='bbox 217 1003 327 1065; x_wconf 89' lang='lat' dir='ltr'>reliquum</span> <span class='ocrx_word' id='word_1_65' title='bbox 335 1003 379 1050; x_wconf 90' lang='lat' dir='ltr'>diei</span> <span class='ocrx_word' id='word_1_66' title='bbox 390 1004 500 1065; x_wconf 83' lang='lat' dir='ltr'>agitatum</span> <span class='ocrx_word' id='word_1_67' title='bbox 509 1011 550 1050; x_wconf 86' lang='lat' dir='ltr'>est.</span> <span class='ocrx_word' id='word_1_68' title='bbox 577 1003 688 1067; x_wconf 86' lang='lat' dir='ltr'>Princeps</span> <span class='ocrx_word' id='word_1_69' title='bbox 696 1019 747 1052; x_wconf 89' lang='lat' dir='ltr'>cum</span> 
     </span>
     <span class='ocr_line' id='line_1_12' title="bbox 83 1062 747 1132; baseline 0.005 -18"><span class='ocrx_word' id='word_1_70' title='bbox 83 1070 206 1116; x_wconf 88' lang='lat' dir='ltr'>amicorum</span> <span class='ocrx_word' id='word_1_71' title='bbox 217 1067 308 1116; x_wconf 68' lang='lat' dir='ltr'>catervii</span> <span class='ocrx_word' id='word_1_72' title='bbox 318 1062 341 1114; x_wconf 83' lang='lat' dir='ltr'>iis</span> <span class='ocrx_word' id='word_1_73' title='bbox 352 1075 427 1131; x_wconf 88' lang='lat' dir='ltr'>ponte,</span> <span class='ocrx_word' id='word_1_74' title='bbox 444 1068 506 1129; x_wconf 89' lang='lat' dir='ltr'>quasi</span> <span class='ocrx_word' id='word_1_75' title='bbox 517 1067 541 1115; x_wconf 92' lang='lat' dir='ltr'>in</span> <span class='ocrx_word' id='word_1_76' title='bbox 551 1067 633 1125; x_wconf 73' lang='lat' dir='ltr'>insuli,</span> <span class='ocrx_word' id='word_1_77' title='bbox 646 1070 747 1132; x_wconf 84' lang='lat' dir='ltr'>hospita·</span> 
     </span>
     <span class='ocr_line' id='line_1_13' title="bbox 82 1133 746 1197; baseline 0.003 -17"><span class='ocrx_word' id='word_1_78' title='bbox 82 1136 161 1180; x_wconf 89' lang='lat' dir='ltr'>batur:</span> <span class='ocrx_word' id='word_1_79' title='bbox 181 1134 257 1181; x_wconf 87' lang='lat' dir='ltr'>caeteri</span> <span class='ocrx_word' id='word_1_80' title='bbox 276 1135 300 1180; x_wconf 89' lang='lat' dir='ltr'>in</span> <span class='ocrx_word' id='word_1_81' title='bbox 319 1147 394 1188; x_wconf 81' lang='lat' dir='ltr'>naves,</span> <span class='ocrx_word' id='word_1_82' title='bbox 411 1133 482 1180; x_wconf 85' lang='lat' dir='ltr'>veluti</span> <span class='ocrx_word' id='word_1_83' title='bbox 499 1133 527 1179; x_wconf 91' lang='lat' dir='ltr'>ad</span> <span class='ocrx_word' id='word_1_84' title='bbox 537 1134 641 1195; x_wconf 85' lang='lat' dir='ltr'>praesidia</span> <span class='ocrx_word' id='word_1_85' title='bbox 653 1135 746 1197; x_wconf 84' lang='lat' dir='ltr'>positas.</span> 
     </span>
     <span class='ocr_line' id='line_1_14' title="bbox 83 1196 748 1261; baseline 0.003 -17"><span class='ocrx_word' id='word_1_86' title='bbox 83 1197 201 1245; x_wconf 73' lang='lat' dir='ltr'>divertere.</span> <span class='ocrx_word' id='word_1_87' title='bbox 235 1196 374 1246; x_wconf 76' lang='lat' dir='ltr'><strong>Continuata</strong></span> <span class='ocrx_word' id='word_1_88' title='bbox 384 1206 451 1245; x_wconf 88' lang='lat' dir='ltr'>nocte</span> <span class='ocrx_word' id='word_1_89' title='bbox 461 1197 559 1260; x_wconf 81' lang='lat' dir='ltr'>gaudia3</span> <span class='ocrx_word' id='word_1_90' title='bbox 577 1200 694 1261; x_wconf 80' lang='lat' dir='ltr'>crevitque</span> <span class='ocrx_word' id='word_1_91' title='bbox 708 1200 748 1246; x_wconf 85' lang='lat' dir='ltr'>vix</span> 
     </span>
     <span class='ocr_line' id='line_1_15' title="bbox 83 1263 747 1325; baseline 0.003 -15"><span class='ocrx_word' id='word_1_92' title='bbox 83 1264 189 1319; x_wconf 80' lang='lat' dir='ltr'>credibili,</span> <span class='ocrx_word' id='word_1_93' title='bbox 210 1279 253 1311; x_wconf 91' lang='lat' dir='ltr'>nec</span> <span class='ocrx_word' id='word_1_94' title='bbox 270 1278 369 1325; x_wconf 89' lang='lat' dir='ltr'>unquam</span> <span class='ocrx_word' id='word_1_95' title='bbox 386 1263 489 1317; x_wconf 82' lang='lat' dir='ltr'>videndo,</span> <span class='ocrx_word' id='word_1_96' title='bbox 507 1264 635 1325; x_wconf 88' lang='lat' dir='ltr'>spectaculo</span> <span class='ocrx_word' id='word_1_97' title='bbox 650 1265 747 1312; x_wconf 84' lang='lat' dir='ltr'>miracu·</span> 
     </span>
     <span class='ocr_line' id='line_1_16' title="bbox 82 1327 747 1390; baseline 0.003 -16"><span class='ocrx_word' id='word_1_98' title='bbox 82 1329 137 1375; x_wconf 90' lang='lat' dir='ltr'>lum.</span> <span class='ocrx_word' id='word_1_99' title='bbox 169 1327 233 1375; x_wconf 89' lang='lat' dir='ltr'>Pons</span> <span class='ocrx_word' id='word_1_100' title='bbox 247 1329 308 1376; x_wconf 88' lang='lat' dir='ltr'>enim</span> <span class='ocrx_word' id='word_1_101' title='bbox 319 1343 431 1389; x_wconf 82' lang='lat' dir='ltr'>navesque</span> <span class='ocrx_word' id='word_1_102' title='bbox 442 1327 538 1390; x_wconf 72' lang='lat' dir='ltr'>singulte</span> <span class='ocrx_word' id='word_1_103' title='bbox 553 1327 639 1376; x_wconf 80' lang='lat' dir='ltr'>facibus</span> <span class='ocrx_word' id='word_1_104' title='bbox 650 1329 747 1376; x_wconf 86' lang='lat' dir='ltr'>colluce-</span> 
     </span>
     <span class='ocr_line' id='line_1_17' title="bbox 82 1392 748 1448; baseline 0 -8"><span class='ocrx_word' id='word_1_105' title='bbox 82 1395 143 1440; x_wconf 87' lang='lat' dir='ltr'>bant.</span> <span class='ocrx_word' id='word_1_106' title='bbox 176 1393 246 1448; x_wconf 82' lang='lat' dir='ltr'>Quod</span> <span class='ocrx_word' id='word_1_107' title='bbox 256 1409 311 1440; x_wconf 84' lang='lat' dir='ltr'>vero</span> <span class='ocrx_word' id='word_1_108' title='bbox 322 1393 491 1440; x_wconf 78' lang='lat' dir='ltr'>admirationem</span> <span class='ocrx_word' id='word_1_109' title='bbox 505 1393 565 1446; x_wconf 79' lang='lat' dir='ltr'>vicit,</span> <span class='ocrx_word' id='word_1_110' title='bbox 583 1392 655 1441; x_wconf 86' lang='lat' dir='ltr'>litoris</span> <span class='ocrx_word' id='word_1_111' title='bbox 667 1408 748 1441; x_wconf 84' lang='lat' dir='ltr'>curva·</span> 
     </span>
     <span class='ocr_line' id='line_1_18' title="bbox 83 1456 747 1521; baseline 0 -16"><span class='ocrx_word' id='word_1_112' title='bbox 83 1466 134 1506; x_wconf 89' lang='lat' dir='ltr'>tura</span> <span class='ocrx_word' id='word_1_113' title='bbox 144 1457 247 1506; x_wconf 76' lang='lat' dir='ltr'>Puteolis</span> <span class='ocrx_word' id='word_1_114' title='bbox 262 1456 331 1505; x_wconf 90' lang='lat' dir='ltr'>Baias</span> <span class='ocrx_word' id='word_1_115' title='bbox 348 1472 419 1519; x_wconf 88' lang='lat' dir='ltr'>usque</span> <span class='ocrx_word' id='word_1_116' title='bbox 433 1457 497 1504; x_wconf 81' lang='lat' dir='ltr'>festis</span> <span class='ocrx_word' id='word_1_117' title='bbox 507 1457 603 1519; x_wconf 80' lang='lat' dir='ltr'>ignibus,</span> <span class='ocrx_word' id='word_1_118' title='bbox 619 1474 660 1521; x_wconf 91' lang='lat' dir='ltr'>per</span> <span class='ocrx_word' id='word_1_119' title='bbox 671 1459 747 1514; x_wconf 86' lang='lat' dir='ltr'>colles,</span> 
     </span>
     <span class='ocr_line' id='line_1_19' title="bbox 84 1521 750 1585; baseline 0.002 -16"><span class='ocrx_word' id='word_1_120' title='bbox 84 1529 179 1578; x_wconf 88' lang='lat' dir='ltr'>montes,</span> <span class='ocrx_word' id='word_1_121' title='bbox 203 1522 360 1585; x_wconf 84' lang='lat' dir='ltr'>flexuososque</span> <span class='ocrx_word' id='word_1_122' title='bbox 377 1528 470 1578; x_wconf 89' lang='lat' dir='ltr'>meatus,</span> <span class='ocrx_word' id='word_1_123' title='bbox 493 1521 623 1585; x_wconf 70' lang='lat' dir='ltr'>prodigiosi</span> <span class='ocrx_word' id='word_1_124' title='bbox 640 1524 750 1570; x_wconf 84' lang='lat' dir='ltr'>varietate</span> 
     </span>
     <span class='ocr_line' id='line_1_20' title="bbox 83 1586 748 1650; baseline 0 -15"><span class='ocrx_word' id='word_1_125' title='bbox 83 1588 191 1641; x_wconf 82' lang='lat' dir='ltr'>discretis,</span> <span class='ocrx_word' id='word_1_126' title='bbox 210 1587 307 1635; x_wconf 82' lang='lat' dir='ltr'>ardebat.</span> <span class='ocrx_word' id='word_1_127' title='bbox 337 1586 405 1636; x_wconf 87' lang='lat' dir='ltr'>Mare</span> <span class='ocrx_word' id='word_1_128' title='bbox 419 1588 556 1650; x_wconf 80' lang='lat' dir='ltr'>repercussis</span> <span class='ocrx_word' id='word_1_129' title='bbox 572 1588 671 1635; x_wconf 84' lang='lat' dir='ltr'>radiabat</span> <span class='ocrx_word' id='word_1_130' title='bbox 680 1588 748 1636; x_wconf 91' lang='lat' dir='ltr'>lumi·</span> 
     </span>
     <span class='ocr_line' id='line_1_21' title="bbox 83 1651 749 1716; baseline 0 -16"><span class='ocrx_word' id='word_1_131' title='bbox 83 1655 155 1700; x_wconf 90' lang='lat' dir='ltr'>nibus.</span> <span class='ocrx_word' id='word_1_132' title='bbox 187 1651 292 1714; x_wconf 83' lang='lat' dir='ltr'>Noxque,</span> <span class='ocrx_word' id='word_1_133' title='bbox 301 1652 344 1700; x_wconf 89' lang='lat' dir='ltr'>diei</span> <span class='ocrx_word' id='word_1_134' title='bbox 356 1652 443 1707; x_wconf 84' lang='lat' dir='ltr'>remula,</span> <span class='ocrx_word' id='word_1_135' title='bbox 460 1652 531 1699; x_wconf 86' lang='lat' dir='ltr'>solem</span> <span class='ocrx_word' id='word_1_136' title='bbox 542 1653 663 1715; x_wconf 91' lang='lat' dir='ltr'>conspicuo</span> <span class='ocrx_word' id='word_1_137' title='bbox 674 1653 749 1716; x_wconf 86' lang='lat' dir='ltr'>splen·</span> 
     </span>
     <span class='ocr_line' id='line_1_22' title="bbox 84 1717 749 1781; baseline 0 -17"><span class='ocrx_word' id='word_1_138' title='bbox 84 1719 138 1764; x_wconf 90' lang='lat' dir='ltr'>dore</span> <span class='ocrx_word' id='word_1_139' title='bbox 157 1717 270 1778; x_wconf 88' lang='lat' dir='ltr'>superavit</span> <span class='ocrx_word' id='word_1_140' title='bbox 277 1735 285 1776; x_wconf 82' lang='lat'>3</span> <span class='ocrx_word' id='word_1_141' title='bbox 310 1717 416 1779; x_wconf 86' lang='lat' dir='ltr'>principe,</span> <span class='ocrx_word' id='word_1_142' title='bbox 440 1717 499 1764; x_wconf 89' lang='lat' dir='ltr'>intra</span> <span class='ocrx_word' id='word_1_143' title='bbox 518 1717 574 1765; x_wconf 91' lang='lat' dir='ltr'>duos</span> <span class='ocrx_word' id='word_1_144' title='bbox 593 1718 641 1765; x_wconf 85' lang='lat' dir='ltr'>dies</span> <span class='ocrx_word' id='word_1_145' title='bbox 659 1719 749 1781; x_wconf 84' lang='lat' dir='ltr'>pelago,</span> 
     </span>
     <span class='ocr_line' id='line_1_23' title="bbox 84 1781 547 1845; baseline -0.002 -16"><span class='ocrx_word' id='word_1_146' title='bbox 84 1781 150 1836; x_wconf 74' lang='lat' dir='ltr'>terti,</span> <span class='ocrx_word' id='word_1_147' title='bbox 167 1783 270 1843; x_wconf 85' lang='lat' dir='ltr'>coeloque</span> <span class='ocrx_word' id='word_1_148' title='bbox 280 1782 428 1845; x_wconf 88' lang='lat' dir='ltr'>triumphatis,</span> <span class='ocrx_word' id='word_1_149' title='bbox 445 1782 547 1844; x_wconf 89' lang='lat' dir='ltr'>superbo.</span> 
     </span>
    </p>

    <p class='ocr_par' dir='ltr' id='par_1_4' title="bbox 83 1844 753 2493">
     <span class='ocr_line' id='line_1_24' title="bbox 116 1844 748 1909; baseline 0.003 -17"><span class='ocrx_word' id='word_1_150' title='bbox 116 1844 246 1909; x_wconf 76' lang='lat' dir='ltr'>[Animum</span> <span class='ocrx_word' id='word_1_151' title='bbox 263 1849 287 1893; x_wconf 90' lang='lat' dir='ltr'>in</span> <span class='ocrx_word' id='word_1_152' title='bbox 297 1862 356 1894; x_wconf 88' lang='lat' dir='ltr'>vana</span> <span class='ocrx_word' id='word_1_153' title='bbox 363 1848 472 1894; x_wconf 85' lang='lat' dir='ltr'>hactenus</span> <span class='ocrx_word' id='word_1_154' title='bbox 482 1847 601 1902; x_wconf 87' lang='lat' dir='ltr'>intentum,</span> <span class='ocrx_word' id='word_1_155' title='bbox 618 1845 647 1894; x_wconf 80' lang='lat' dir='ltr'>ad</span> <span class='ocrx_word' id='word_1_156' title='bbox 657 1847 748 1894; x_wconf 82' lang='lat' dir='ltr'>insitam</span> 
     </span>
     <span class='ocr_line' id='line_1_25' title="bbox 83 1910 749 1974; baseline -0.002 -15"><span class='ocrx_word' id='word_1_157' title='bbox 83 1912 237 1959; x_wconf 88' lang='lat' dir='ltr'>crudelitatem</span> <span class='ocrx_word' id='word_1_158' title='bbox 245 1911 333 1959; x_wconf 84' lang='lat' dir='ltr'>inflexit</span> <span class='ocrx_word' id='word_1_159' title='bbox 343 1912 458 1974; x_wconf 86' lang='lat' dir='ltr'>epularum</span> <span class='ocrx_word' id='word_1_160' title='bbox 467 1911 562 1967; x_wconf 87' lang='lat' dir='ltr'>licentia,</span> <span class='ocrx_word' id='word_1_161' title='bbox 574 1918 598 1959; x_wconf 90' lang='lat' dir='ltr'>et</span> <span class='ocrx_word' id='word_1_162' title='bbox 607 1910 668 1959; x_wconf 82' lang='lat' dir='ltr'>forte</span> <span class='ocrx_word' id='word_1_163' title='bbox 676 1911 749 1960; x_wconf 82' lang='lat' dir='ltr'>Alex·</span> 
     </span>
     <span class='ocr_line' id='line_1_26' title="bbox 84 1975 750 2032; baseline 0.003 -10"><span class='ocrx_word' id='word_1_164' title='bbox 84 1976 146 2022; x_wconf 87' lang='lat' dir='ltr'>andri</span> <span class='ocrx_word' id='word_1_165' title='bbox 161 1976 256 2025; x_wconf 90' lang='lat' dir='ltr'>imitatio</span> <span class='ocrx_word' id='word_1_166' title='bbox 272 1976 295 2023; x_wconf 94' lang='lat' dir='ltr'>in</span> <span class='ocrx_word' id='word_1_167' title='bbox 309 1978 408 2024; x_wconf 87' lang='lat' dir='ltr'>immane</span> <span class='ocrx_word' id='word_1_168' title='bbox 423 1983 495 2025; x_wconf 86' lang='lat' dir='ltr'>aucta.</span> <span class='ocrx_word' id='word_1_169' title='bbox 528 1975 603 2024; x_wconf 83' lang='lat' dir='ltr'>Furor</span> <span class='ocrx_word' id='word_1_170' title='bbox 616 1978 640 2024; x_wconf 90' lang='lat' dir='ltr'>in</span> <span class='ocrx_word' id='word_1_171' title='bbox 657 1977 750 2032; x_wconf 85' lang='lat' dir='ltr'>amicos,</span> 
     </span>
     <span class='ocr_line' id='line_1_27' title="bbox 84 2041 749 2104; baseline 0.002 -17"><span class='ocrx_word' id='word_1_172' title='bbox 84 2049 151 2088; x_wconf 93' lang='lat' dir='ltr'>notos</span> <span class='ocrx_word' id='word_1_173' title='bbox 162 2049 186 2088; x_wconf 87' lang='lat' dir='ltr'>et</span> <span class='ocrx_word' id='word_1_174' title='bbox 196 2042 293 2104; x_wconf 84' lang='lat' dir='ltr'>ignotos,</span> <span class='ocrx_word' id='word_1_175' title='bbox 309 2042 394 2090; x_wconf 90' lang='lat' dir='ltr'>multos</span> <span class='ocrx_word' id='word_1_176' title='bbox 404 2041 471 2089; x_wconf 84' lang='lat' dir='ltr'>etiam</span> <span class='ocrx_word' id='word_1_177' title='bbox 482 2057 496 2089; x_wconf 96' lang='lat' dir='ltr'>e</span> <span class='ocrx_word' id='word_1_178' title='bbox 506 2041 572 2088; x_wconf 88' lang='lat' dir='ltr'>litore</span> <span class='ocrx_word' id='word_1_179' title='bbox 581 2043 696 2097; x_wconf 86' lang='lat' dir='ltr'>invitatos,</span> <span class='ocrx_word' id='word_1_180' title='bbox 709 2042 749 2088; x_wconf 80' lang='lat' dir='ltr'>&#39;in-</span> 
     </span>
     <span class='ocr_line' id='line_1_28' title="bbox 83 2105 750 2170; baseline 0 -17"><span class='ocrx_word' id='word_1_181' title='bbox 83 2107 149 2153; x_wconf 87' lang='lat' dir='ltr'>vasit.</span> <span class='ocrx_word' id='word_1_182' title='bbox 182 2105 239 2154; x_wconf 88' lang='lat' dir='ltr'>Pars</span> <span class='ocrx_word' id='word_1_183' title='bbox 250 2122 264 2154; x_wconf 92' lang='lat' dir='ltr'>e</span> <span class='ocrx_word' id='word_1_184' title='bbox 275 2122 364 2154; x_wconf 89' lang='lat' dir='ltr'>summo</span> <span class='ocrx_word' id='word_1_185' title='bbox 374 2113 443 2170; x_wconf 90' lang='lat' dir='ltr'>ponte</span> <span class='ocrx_word' id='word_1_186' title='bbox 453 2107 599 2169; x_wconf 70' lang='lat' dir='ltr'>praecipitati:</span> <span class='ocrx_word' id='word_1_187' title='bbox 618 2122 678 2169; x_wconf 87' lang='lat' dir='ltr'>pars,</span> <span class='ocrx_word' id='word_1_188' title='bbox 695 2107 750 2154; x_wconf 88' lang='lat' dir='ltr'>dum</span> 
     </span>
     <span class='ocr_line' id='line_1_29' title="bbox 83 2172 753 2234; baseline 0.001 -17"><span class='ocrx_word' id='word_1_189' title='bbox 83 2173 187 2234; x_wconf 85' lang='lat' dir='ltr'>princeps</span> <span class='ocrx_word' id='word_1_190' title='bbox 198 2173 278 2219; x_wconf 88' lang='lat' dir='ltr'>choros</span> <span class='ocrx_word' id='word_1_191' title='bbox 289 2173 347 2220; x_wconf 87' lang='lat' dir='ltr'>inter</span> <span class='ocrx_word' id='word_1_192' title='bbox 355 2178 379 2219; x_wconf 90' lang='lat' dir='ltr'>et</span> <span class='ocrx_word' id='word_1_193' title='bbox 390 2172 535 2233; x_wconf 86' lang='lat' dir='ltr'>symphonias</span> <span class='ocrx_word' id='word_1_194' title='bbox 546 2173 698 2234; x_wconf 83' lang='lat' dir='ltr'>adnavigaret,</span> <span class='ocrx_word' id='word_1_195' title='bbox 711 2172 753 2218; x_wconf 90' lang='lat' dir='ltr'>de-</span> 
     </span>
     <span class='ocr_line' id='line_1_30' title="bbox 84 2235 749 2298; baseline 0 -15"><span class='ocrx_word' id='word_1_196' title='bbox 84 2237 168 2294; x_wconf 84' lang='lat' dir='ltr'>mersi;</span> <span class='ocrx_word' id='word_1_197' title='bbox 185 2243 209 2283; x_wconf 89' lang='lat' dir='ltr'>et</span> <span class='ocrx_word' id='word_1_198' title='bbox 220 2238 238 2284; x_wconf 93' lang='lat' dir='ltr'>si</span> <span class='ocrx_word' id='word_1_199' title='bbox 249 2238 295 2298; x_wconf 87' lang='lat' dir='ltr'>qui,</span> <span class='ocrx_word' id='word_1_200' title='bbox 311 2237 364 2284; x_wconf 89' lang='lat' dir='ltr'>licet</span> <span class='ocrx_word' id='word_1_201' title='bbox 377 2235 459 2284; x_wconf 80' lang='lat' dir='ltr'>laetitit</span> <span class='ocrx_word' id='word_1_202' title='bbox 472 2241 579 2291; x_wconf 84' lang='lat' dir='ltr'>amentes,</span> <span class='ocrx_word' id='word_1_203' title='bbox 597 2238 698 2283; x_wconf 88' lang='lat' dir='ltr'>nondum</span> <span class='ocrx_word' id='word_1_204' title='bbox 714 2243 749 2283; x_wconf 90' lang='lat' dir='ltr'>ta·</span> 
     </span>
     <span class='ocr_line' id='line_1_31' title="bbox 83 2301 748 2364; baseline 0.002 -18"><span class='ocrx_word' id='word_1_205' title='bbox 83 2316 137 2348; x_wconf 88' lang='lat' dir='ltr'>men</span> <span class='ocrx_word' id='word_1_206' title='bbox 149 2302 226 2352; x_wconf 88' lang='lat' dir='ltr'>salutis</span> <span class='ocrx_word' id='word_1_207' title='bbox 240 2303 310 2357; x_wconf 88' lang='lat' dir='ltr'>obliti,</span> <span class='ocrx_word' id='word_1_208' title='bbox 327 2303 418 2349; x_wconf 86' lang='lat' dir='ltr'>navium</span> <span class='ocrx_word' id='word_1_209' title='bbox 428 2301 578 2364; x_wconf 84' lang='lat' dir='ltr'>gubernacula</span> <span class='ocrx_word' id='word_1_210' title='bbox 588 2301 660 2349; x_wconf 84' lang='lat' dir='ltr'>aliave</span> <span class='ocrx_word' id='word_1_211' title='bbox 668 2315 748 2364; x_wconf 88' lang='lat' dir='ltr'>appre-</span> 
     </span>
     <span class='ocr_line' id='line_1_32' title="bbox 85 2366 750 2426; baseline 0 -15"><span class='ocrx_word' id='word_1_212' title='bbox 85 2366 214 2422; x_wconf 87' lang='lat' dir='ltr'>henderent,</span> <span class='ocrx_word' id='word_1_213' title='bbox 232 2368 304 2413; x_wconf 86' lang='lat' dir='ltr'>contis</span> <span class='ocrx_word' id='word_1_214' title='bbox 315 2368 426 2426; x_wconf 88' lang='lat' dir='ltr'>remisque</span> <span class='ocrx_word' id='word_1_215' title='bbox 436 2368 459 2412; x_wconf 89' lang='lat' dir='ltr'>in</span> <span class='ocrx_word' id='word_1_216' title='bbox 471 2380 532 2412; x_wconf 86' lang='lat' dir='ltr'>mare</span> <span class='ocrx_word' id='word_1_217' title='bbox 544 2367 627 2412; x_wconf 90' lang='lat' dir='ltr'>detrusi</span> <span class='ocrx_word' id='word_1_218' title='bbox 634 2383 643 2422; x_wconf 86' lang='lat'>;</span> <span class='ocrx_word' id='word_1_219' title='bbox 660 2366 750 2415; x_wconf 84' lang='lat' dir='ltr'>nemine</span> 
     </span>
     <span class='ocr_line' id='line_1_33' title="bbox 84 2431 663 2493; baseline 0.002 -16"><span class='ocrx_word' id='word_1_220' title='bbox 84 2431 215 2486; x_wconf 86' lang='lat' dir='ltr'>obsistente,</span> <span class='ocrx_word' id='word_1_221' title='bbox 232 2432 333 2493; x_wconf 90' lang='lat' dir='ltr'>plurimis</span> <span class='ocrx_word' id='word_1_222' title='bbox 344 2433 416 2478; x_wconf 87' lang='lat' dir='ltr'>aliena</span> <span class='ocrx_word' id='word_1_223' title='bbox 426 2431 524 2492; x_wconf 91' lang='lat' dir='ltr'>pericula</span> <span class='ocrx_word' id='word_1_224' title='bbox 534 2432 663 2478; x_wconf 81' lang='lat' dir='ltr'>ridentibus</span> 
     </span>
    </p>

    <p class='ocr_par' dir='ltr' id='par_1_5' title="bbox 76 2493 750 2626">
     <span class='ocr_line' id='line_1_34' title="bbox 122 2493 750 2559; baseline 0.002 -19"><span class='ocrx_word' id='word_1_225' title='bbox 122 2493 217 2559; x_wconf 83' lang='lat' dir='ltr'>[Insana</span> <span class='ocrx_word' id='word_1_226' title='bbox 236 2497 323 2558; x_wconf 84' lang='lat' dir='ltr'>gaudia,</span> <span class='ocrx_word' id='word_1_227' title='bbox 347 2498 379 2543; x_wconf 87' lang='lat' dir='ltr'>uti</span> <span class='ocrx_word' id='word_1_228' title='bbox 398 2497 486 2552; x_wconf 86' lang='lat' dir='ltr'>assolet,</span> <span class='ocrx_word' id='word_1_229' title='bbox 512 2497 630 2558; x_wconf 85' lang='lat' dir='ltr'>occupavit</span> <span class='ocrx_word' id='word_1_230' title='bbox 649 2509 750 2552; x_wconf 65' lang='lat' dir='ltr'>moerorg</span> 
     </span>
     <span class='ocr_line' id='line_1_35' title="bbox 76 2557 749 2626; baseline -0.003 -17"><span class='ocrx_word' id='word_1_231' title='bbox 76 2562 205 2626; x_wconf 88' lang='lat' dir='ltr'>opibusque</span> <span class='ocrx_word' id='word_1_232' title='bbox 225 2561 317 2626; x_wconf 89' lang='lat' dir='ltr'>penitus</span> <span class='ocrx_word' id='word_1_233' title='bbox 337 2563 424 2617; x_wconf 86' lang='lat' dir='ltr'>accisis,</span> <span class='ocrx_word' id='word_1_234' title='bbox 439 2567 553 2608; x_wconf 88' lang='lat' dir='ltr'>consuetae</span> <span class='ocrx_word' id='word_1_235' title='bbox 575 2568 634 2607; x_wconf 88' lang='lat' dir='ltr'>artes</span> <span class='ocrx_word' id='word_1_236' title='bbox 657 2557 749 2607; x_wconf 61' lang='lat' dir='ltr'>rediere·</span> 
     </span>
    </p>

    <p class='ocr_par' dir='ltr' id='par_1_6' title="bbox 55 2627 791 2823">
     <span class='ocr_line' id='line_1_36' title="bbox 68 2627 753 2700; baseline -0.012 -22"><span class='ocrx_word' id='word_1_237' title='bbox 68 2627 146 2679; x_wconf 86' lang='lat' dir='ltr'>Nova</span> <span class='ocrx_word' id='word_1_238' title='bbox 167 2638 193 2680; x_wconf 86' lang='lat' dir='ltr'>et</span> <span class='ocrx_word' id='word_1_239' title='bbox 214 2630 319 2680; x_wconf 86' lang='lat' dir='ltr'>inaudita</span> <span class='ocrx_word' id='word_1_240' title='bbox 333 2629 461 2693; x_wconf 75' lang='lat' dir='ltr'>vectigalia</span> <span class='ocrx_word' id='word_1_241' title='bbox 472 2627 579 2700; x_wconf 50' lang='lat' dir='ltr'>indictas</span> <span class='ocrx_word' id='word_1_242' title='bbox 592 2640 637 2670; x_wconf 79' lang='lat' dir='ltr'>nee</span> <span class='ocrx_word' id='word_1_243' title='bbox 654 2639 753 2699; x_wconf 52' lang='lat' dir='ltr'>unusum</span> 
     </span>
     <span class='ocr_line' id='line_1_37' title="bbox 59 2692 773 2761; baseline -0.027 -14"><span class='ocrx_word' id='word_1_244' title='bbox 59 2697 178 2759; x_wconf 84' lang='lat' dir='ltr'>pluribus</span> <span class='ocrx_word' id='word_1_245' title='bbox 192 2699 404 2750; x_wconf 86' lang='lat' dir='ltr'>criminationibus</span> <span class='ocrx_word' id='word_1_246' title='bbox 418 2711 448 2743; x_wconf 87' lang='lat' dir='ltr'>ac</span> <span class='ocrx_word' id='word_1_247' title='bbox 465 2692 566 2740; x_wconf 73' lang='lat' dir='ltr'>caedibus</span> <span class='ocrx_word' id='word_1_248' title='bbox 575 2703 603 2734; x_wconf 75' lang='lat' dir='ltr'>sn</span> <span class='ocrx_word' id='word_1_249' title='bbox 613 2699 773 2761; x_wconf 66' lang='lat' dir='ltr'>pecussum·¹</span> 
     </span>
     <span class='ocr_line' id='line_1_38' title="bbox 55 2749 791 2823; baseline -0.003 -8"><span class='ocrx_word' id='word_1_250' title='bbox 55 2769 187 2818; x_wconf 82' lang='lat' dir='ltr'>volatum.</span> <span class='ocrx_word' id='word_1_251' title='bbox 224 2768 310 2819; x_wconf 87' lang='lat' dir='ltr'>Multi</span> <span class='ocrx_word' id='word_1_252' title='bbox 321 2784 336 2817; x_wconf 87' lang='lat' dir='ltr'>a</span> <span class='ocrx_word' id='word_1_253' title='bbox 349 2773 446 2819; x_wconf 80' lang='lat' dir='ltr'>senatu,</span> <span class='ocrx_word' id='word_1_254' title='bbox 456 2760 540 2823; x_wconf 55' lang='lat' dir='ltr'>piures</span> <span class='ocrx_word' id='word_1_255' title='bbox 549 2753 676 2813; x_wconf 42' lang='lat' dir='ltr'>*limbi</span> <span class='ocrx_word' id='word_1_256' title='bbox 680 2749 791 2793; x_wconf 52' lang='lat' dir='ltr'>mm*</span> 
     </span>
    </p>
   </div>
   <div class='ocr_carea' id='block_1_3' title="bbox 6 2810 792 2895">
    <p class='ocr_par' dir='ltr' id='par_1_7' title="bbox 6 2810 792 2895">
     <span class='ocr_line' id='line_1_39' title="bbox 6 2810 792 2895; baseline -0.064 6"><span class='ocrx_word' id='word_1_257' title='bbox 6 2840 27 2864; x_wconf 76' lang='grc'><strong>“</strong></span> <span class='ocrx_word' id='word_1_258' title='bbox 51 2829 100 2895; x_wconf 61' lang='lat' dir='ltr'>”ts</span> <span class='ocrx_word' id='word_1_259' title='bbox 120 2853 157 2888; x_wconf 86' lang='lat' dir='ltr'>ne</span> <span class='ocrx_word' id='word_1_260' title='bbox 171 2847 279 2891; x_wconf 87' lang='lat' dir='ltr'>secreta</span> <span class='ocrx_word' id='word_1_261' title='bbox 290 2836 361 2887; x_wconf 83' lang='lat' dir='ltr'>foret</span> <span class='ocrx_word' id='word_1_262' title='bbox 374 2826 571 2883; x_wconf 77' lang='lat' dir='ltr'>suacmdel&#39;uss,</span> <span class='ocrx_word' id='word_1_263' title='bbox 582 2817 638 2879; x_wconf 75' lang='lat' dir='ltr'>ipse</span> <span class='ocrx_word' id='word_1_264' title='bbox 646 2810 792 2857; x_wconf 69' lang='lat' dir='ltr'>nummus</span> 
     </span>
    </p>
   </div>
   <div class='ocr_carea' id='block_1_4' title="bbox 0 0 864 3218">
    <p class='ocr_par' dir='ltr' id='par_1_8' title="bbox 0 0 864 3218">
     <span class='ocr_line' id='line_1_40' title="bbox 0 0 864 3218; baseline 0 0"><span class='ocrx_word' id='word_1_265' title='bbox 0 0 864 3218; x_wconf 95' lang='lat' dir='ltr'> </span> 
     </span>
    </p>
   </div>
  </div>
 </body>
</html>
