1680 2910
56 163 76 201 J.
87 163 111 202 c.
123 168 155 203 ns.
203 158 398 208 ANNALIUM
415 158 467 207 Iun
477 158 524 212 111.
536 158 596 210 cur.
605 164 645 210 46.
680 166 724 210 111

58 305 122 338 reum
138 292 161 338 in
180 299 259 339 senatu
275 291 345 339 iore?
361 289 480 339 exstitisse·
492 291 583 339 tsndem
601 294 670 348 viros,
686 293 727 354 qui

57 362 163 405 cruentus
173 357 280 419 epistolas
290 357 359 404 armis
368 357 512 404 cohiberentr
530 358 636 405 miseram
646 373 728 420 peren

58 421 97 468 vel
106 420 166 469 bello
176 423 234 469 bene
244 422 334 469 mnmri.
361 419 441 469 Tanto
451 421 574 484 impensu·
582 422 605 470 in
616 421 727 471 securim

59 492 106 534 tem
115 487 260 550 compositus,
272 502 345 548 neque
354 487 406 534 loco
416 501 490 548 neque
500 488 566 535 vultu
572 495 666 542 mutato,
677 487 727 544 sed,

57 558 84 599 ut
96 552 197 608 solitum,
212 567 253 614 per
269 552 320 599 illos
334 552 382 599 dies
394 551 457 614 egit:
476 551 593 599 altitudine
603 553 725 610 animi-an

58 624 204 678 compererat,
221 617 310 664 modios
319 632 370 664 esse
379 624 403 664 et
415 615 513 678 vulgetis
522 617 624 665 bviora?

90 680 172 738 XLV.
189 679 283 730 Interim
296 683 371 736 Silius,
388 697 440 729 curn
453 682 581 744 legionibus
593 683 680 732 dmitos
689 683 726 732 in·

58 747 148 804 cedens,
159 746 276 810 praemissri
286 747 389 795 auxiliari
398 762 474 802 manu,
486 755 561 795 catat
569 748 725 809 Sequanomm

57 826 137 875 pagos,
149 813 188 874 qni
198 811 278 860 finium
288 813 391 866 excerni,
407 818 432 859 ct
442 811 526 860 AEduis
535 814 671 861 contermini
686 829 725 862 so·

56 877 138 938 oiiqne,
154 878 179 923 in
195 879 263 925 ermis
279 884 352 925 erant.
384 877 446 924 Mox
461 878 654 940 Augustodunum
670 879 728 941 petit

57 957 154 1005 propero
167 943 266 1004 agmine,
281 943 419 990 certantibus
433 943 493 990 inter
506 959 532 990 se
542 943 662 1006 signiferis,
677 942 725 992 fre·

58 1015 135 1055 mente
151 1007 219 1056 etiam
236 1008 343 1071 gregario
359 1008 446 1055 milite:
465 1023 495 1055 nc
511 1015 598 1056 suetam
615 1009 725 1070 requiem,

58 1086 89 1120 ee
105 1073 178 1135 spatis
194 1075 295 1120 noctium
311 1073 465 1136 opperiretur;
482 1073 586 1121 viderent
600 1074 668 1121 modo
684 1074 725 1122 ad·

57 1153 145 1196 versos,
154 1144 178 1185 et
185 1139 365 1201 sdqs'cerentur:
384 1138 408 1185 id
414 1139 504 1186 satisod
511 1139 636 1186 victoriam.
656 1137 725 1187 Duo·

58 1202 171 1251 decimum
181 1205 240 1266 spud
250 1204 347 1266 lapidem
358 1203 464 1251 Sacrovir
473 1204 590 1266 copiaeque
599 1205 727 1266 patentibus

58 1267 116 1317 locis
126 1266 263 1332 apperueie:
283 1270 307 1315 in
317 1268 393 1315 fronte
403 1275 512 1316 statueret
522 1267 631 1323 ferratos*
638 1269 662 1316 in
673 1283 725 1316 cnr·

58 1333 124 1381 tiburs
139 1335 252 1389 cohortes,
268 1350 282 1382 a
295 1341 362 1396 tergo
376 1348 506 1382 semermos.
540 1330 593 1396 Ipse
607 1334 666 1381 inter
679 1335 726 1396 psi-

58 1414 134 1447 rnores
144 1414 202 1461 equo
213 1399 297 1461 insigni
303 1399 370 1454 adire,
381 1406 600 1447 memorareveteres
607 1399 727 1447 Gallorum

58 1464 150 1526 glorias,
164 1479 259 1526 quaeque
271 1464 382 1512 Romsms
392 1465 486 1512 adversa
496 1465 638 1512 intulissent:
657 1479 726 1526 quam

58 1529 141 1577 decora
155 1530 280 1577 victoribus
292 1530 398 1578 libertas:
417 1538 502 1591 quanto
512 1530 667 1577 intolerantior
678 1544 726 1578 ser-

58 1595 120 1642 vitos
130 1596 213 1642 iterum
224 1596 297 1642 victis.
692 1616 694 1621 ·

92 1658 189 1707 XLVI.
205 1659 261 1707 Non
281 1660 319 1706 diu
338 1660 394 1714 haec,
412 1675 457 1707 nec
471 1660 530 1721 apud
544 1659 623 1708 laetos:
641 1660 726 1708 etenim

58 1725 223 1788 propinquabat
236 1726 352 1787 legionum
367 1725 442 1782 acies3
459 1724 612 1785 inconditique
627 1741 655 1773 so
667 1725 727 1772 mili·

59 1791 99 1837 tie
109 1790 180 1837 nescii
195 1791 299 1853 oppidani
310 1805 383 1850 neque
397 1790 468 1837 oculis
482 1805 554 1851 neque
567 1791 657 1838 auribus
673 1791 728 1839 satis

60 1855 226 1917 competebant.
254 1853 341 1903 Contra
351 1854 425 1908 Silius,
437 1855 480 1900 etsi
486 1862 608 1916 praesumta
615 1871 667 1917 opes
673 1857 727 1903 hor·

59 1919 122 1966 tandi
130 1935 209 1967 causas
216 1927 336 1973 exemerat,
346 1919 473 1965 clamitabot
481 1928 557 1966 tamen
566 1937 572 1966 ι
593 1918 728 1969 Pudendum

59 1985 121 2047 ipsis,
133 1985 200 2045 quod,
213 1985 387 2032 GermenIsrum
398 1983 502 2038 victores,
513 1985 632 2031 adversum
640 1984 727 2040 Gallos,

59 2057 176 2111 temquam
184 2051 208 2096 in
216 2051 311 2104 hostem,
323 2050 473 2096 ducerentur:
486 2055 502 2078 ‘⁴
510 2064 554 2097 una
564 2064 635 2111 nuper
646 2050 729 2098 cohors

59 2115 166 2162 rebellem
177 2114 312 2168 Turonium,
323 2129 368 2160 uns
378 2114 414 2160 aln
424 2113 556 2168 l'revemm,
573 2129 652 2176 pauore
661 2116 729 2178 hujus

59 2180 130 2242 ipsius
138 2177 495 2243 exercitdsturmaeprofligavere
504 2179 634 2240 Sequanos:
654 2195 727 2241 qusn-

58 2252 84 2292 to
96 2244 192 2307 pecunil
202 2246 260 2292 dites
270 2251 295 2292 ct
304 2245 456 2306 voluptatibus
466 2244 592 2306 opulentos,
602 2252 666 2292 tanto
677 2261 726 2293 ma·

77 2310 300 2360 isimbellcsAEduos
306 2310 410 2364 evincite,
417 2308 584 2372 etlugientibus
590 2309 726 2359 consulite.”

59 2326 149 2438 ingens
165 2375 194 2422 ad
212 2391 240 2422 ee
256 2375 355 2422 clamor:
373 2381 397 2421 ct
411 2374 553 2422 circumfudit
571 2390 646 2436 eques,
662 2374 727 2429 fron·

61 2447 154 2503 umque
163 2441 251 2502 pedites
261 2437 378 2487 investire:
398 2454 440 2486 nec
448 2448 578 2487 cunctatum
583 2441 643 2503 apud
650 2441 729 2493 latera.

61 2504 159 2553 Paulum
170 2521 242 2552 morae
253 2503 349 2553 attulere
358 2504 441 2561 serrati,
452 2506 726 2554 restantibuslnnsinissd·

30 2566 32 2573 ’
61 2586 153 2619 versum
164 2571 211 2632 pile
220 2577 243 2618 et
253 2571 355 2634 gladios:
375 2571 416 2618 sed
430 2570 506 2629 miles,
522 2570 637 2635 correptis
649 2571 741 2616 mouri-

56 2635 100 2682 tus
114 2644 139 2683 et
153 2636 256 2694 dolabris,
278 2644 304 2686 ut
319 2639 340 2687 si
358 2653 454 2690 murum
468 2644 648 2707 perrumperet,
664 2633 762 2681 cascere
