1680 2910
55 293 158 335 batt·
225 286 558 340 summanum
666 298 731 368 ‚281

58 430 132 472 tutem
147 421 235 471 reddita
249 422 451 486 quoquepoouuia,
466 437 534 484 quam
550 421 733 474 damnationibus

58 498 83 538 et
95 485 160 536 bastd
169 495 296 536 extorsemt
303 487 416 537 Corbulo.
437 488 559 536 Paululum
570 487 660 536 molliti
670 491 730 553 lege,

56 555 160 603 edictum
170 561 196 601 ut
205 554 373 617 provinciarum
381 555 649 602 reotoressntemedium
657 556 731 619 Apri·

56 621 105 668 lem
116 634 146 666 ex
158 619 223 667 Urbe
232 621 256 666 in
267 621 395 682 provincias
405 634 458 668 suas
468 620 615 668 discederent

93 683 140 749 [At
150 685 255 733 neritum
266 686 290 732 in
301 684 395 748 Lycios,
414 687 461 747 qni,
477 684 547 732 exuti
556 687 629 733 reteri
639 687 732 735 modes·

58 748 98 805 tit,
118 750 245 798 exitialibus
255 752 315 798 inter
325 767 351 798 ss
361 751 478 799 discordiis
489 751 625 806 luborabunt,
642 761 667 800 et
677 751 730 800 Rc·

58 831 140 863 manos
150 816 236 877 aliquot
247 817 382 864 occiderant
415 814 448 864 Iis
455 814 546 863 ademta
552 816 650 872 libertas,
661 832 730 879 quatu

58 881 114 930 olim
123 879 250 928 constantii
256 888 281 929 et
288 881 339 939 lide,
345 882 424 945 piratis
434 881 504 929 marin
514 881 592 928 omnis
601 881 731 929 infestanti·

56 947 109 1001 bus,
124 955 190 994 erant
216 947 323 996 inmeriti.
356 945 430 1009 Lycia
440 947 568 994 contributs
579 945 731 1008 Pamphylia,

57 1019 109 1059 turn
121 1019 184 1059 tsnto
226 1013 296 1068 eliori,
309 1013 370 1074 quod
380 1020 434 1061 unte
445 1011 600 1076 Cn-Pompeii
610 1011 729 1059 victoriam

56 1076 133 1125 fuerat
143 1092 194 1131 oum
205 1078 283 1140 piratis
293 1078 462 1126 latrociniorum
474 1078 543 1125 socia.

92 1141 171 1204 [Dum
183 1140 292 1191 Claudius
308 1145 350 1191 buc
365 1145 395 1191 de
410 1159 436 1191 re
451 1145 476 1190 in
492 1139 555 1190 curii
570 1142 730 1205 cognoscebst,

57 1205 159 1268 Lycium
171 1209 297 1269 quemdam,
307 1209 383 1256 ciuem
393 1209 534 1265 Romanum,
549 1205 633 1255 Latine
643 1207 731 1255 ullocu·

57 1278 105 1330 tus,
113 1286 166 1319 eum
172 1269 390 1322 Romaniserrnonis
401 1274 479 1322 rudem
487 1287 538 1321 esse
548 1272 679 1334 indignatus
687 1278 730 1329 est,

51 1337 152 1400 ,iureque
168 1338 269 1386 civitatis
283 1339 395 1401 privavit:
415 1353 511 1401 semper,
527 1337 561 1384 uti
575 1337 676 1384 assolent
685 1338 732 1384 lm·

56 1408 164 1465 potentes
173 1403 292 1466 principes,
304 1403 409 1450 indecora
415 1405 475 1450 inter
481 1409 505 1449 et
511 1403 595 1450 decoro
602 1402 735 1465 ambiguus,

57 1467 123 1514 Nam
135 1467 208 1523 smul,
219 1468 307 1528 iniquus
313 1467 431 1528 grssmndi
442 1475 503 1515 artes
512 1482 603 1523 exosus,
612 1483 642 1514 ne
651 1468 730 1516 orimi-

57 1533 188 1580 nationibus
204 1533 289 1580 cisium
305 1530 463 1579 Bomsnorum
474 1534 514 1595 jus
528 1533 653 1580 violaretur
664 1539 730 1581 vetu-

57 1599 114 1655 bst3
130 1597 198 1644 simul
208 1596 330 1644 levissimis
339 1596 368 1644 de
378 1598 452 1644 csusis
457 1598 497 1660 J'ua
508 1597 564 1645 illud
574 1599 612 1645 vel
622 1599 671 1661 ipse
680 1598 731 1646 sdi-

57 1663 144 1719 mebst,
155 1661 193 1708 vel
202 1662 235 1709 ita
245 1663 330 1725 abjecte
338 1663 471 1725 publicabat,
482 1669 509 1710 ut
517 1663 596 1710 vitreis
602 1662 680 1711 fruetis
688 1678 731 1712 ve-

57 1727 111 1774 nnle
128 1727 246 1774 diceretur.
279 1727 371 1790 Majore
389 1728 462 1776 odhuc
481 1727 580 1786 licentii,
604 1735 629 1776 et
649 1730 733 1791 quovis

56 1793 131 1855 pretio
147 1793 209 1855 apud
225 1791 374 1840 Messalinam
391 1799 415 1841 et
431 1793 524 1841 libertos
537 1795 659 1857 prostabst.
692 1794 733 1843 Sic

57 1872 150 1913 nomen,
169 1856 255 1919 quartat
273 1872 326 1905 cum
344 1858 432 1921 imperii
452 1859 556 1915 utilitate,
576 1857 640 1907 tanti
658 1857 731 1907 Urbis

57 1921 132 1978 lsude,
144 1937 196 1970 cum
206 1924 399 1986 praesentissimis
413 1929 437 1970 et
447 1922 623 1986 opulentissimis
638 1932 728 1972 extem·

59 2001 112 2034 rum
122 1989 242 2051 regionum
252 1990 308 2036 viris
323 1989 435 2052 supienter
445 2003 460 2037 s
469 1989 591 2054 majoribus
601 1991 730 2038 eommuni-

60 2060 143 2109 estum,
152 2054 222 2116 ooepit
233 2055 362 2103 milescere.

93 2115 158 2181 [Nec
172 2118 298 2167 Messalina
314 2121 349 2166 his
364 2118 539 2182 proditionibus
550 2126 671 2179 eontenta;
689 2119 731 2168 sed

59 2182 221 2232 dominationis
237 2185 349 2247 cupidine,
363 2183 409 2247 qud
424 2185 487 2233 nulla
501 2186 525 2232 iu
540 2184 632 2233 feminis
648 2187 731 2242 scrior,

58 2248 134 2311 magis
142 2263 243 2306 ncoensa,
255 2251 342 2313 imperii
353 2250 439 2306 munia,
450 2251 629 2313 conspirantibus
636 2251 730 2307 libertis,

59 2313 83 2360 in
95 2328 121 2360 se
131 2315 230 2363 trabere:
250 2318 396 2372 exercituum,
409 2316 575 2378 provinciarum
583 2315 731 2379 prsefecturss

58 2378 171 2427 vendere:
191 2381 215 2427 in
226 2381 277 2429 tots
287 2379 401 2444 republiod
416 2388 463 2427 tam
479 2381 627 2428 inclementer
641 2381 730 2428 suctio-

59 2444 117 2499 nsri,
129 2451 161 2499 ut,
173 2461 225 2492 curn
240 2461 270 2492 ne
280 2447 369 2494 emendi
385 2447 476 2508 quidem
487 2453 615 2508 superesset
624 2445 728 2505 incultus,

59 2506 170 2558 Clnudius
176 2511 284 2574 populum
295 2513 319 2558 in
327 2510 440 2574 Campum
447 2511 559 2559 Martium
570 2511 677 2574 codgerit,
686 2511 729 2566 ibi·

58 2588 104 2635 que
120 2590 196 2622 rerum
214 2578 286 2640 pretia
307 2577 423 2634 statuerim
439 2577 529 2639 publico
550 2592 592 2624 suo
611 2577 729 2632 dedecore

73 2830 151 2894 [1³⁰¹l
164 2835 218 2888 fiaeo
232 2839 299 2893 enim
335 2866 340 2886 ι
363 2870 368 2887 .
409 2841 555 2897 Meroslinu
565 2837 636 2888 nibil
649 2820 766 2880 modunl
