1680 2910
98 153 146 198 18⁰
188 147 381 199 ANNALIUM
398 145 610 196 Lamotis.
648 147 767 196 tls-776.

98 294 139 327 ous
161 278 242 335 Liviae,
265 281 340 343 specie
361 282 416 327 artis
436 276 545 340 frequens
562 279 664 327 sbctetls.
697 277 768 326 Pellit
822 322 825 327 .

100 346 167 393 domo
180 346 275 408 SeJ'anus
285 361 380 392 uxorem
392 345 559 406 Apicbtam,·sx
570 343 615 404 qud
623 352 672 390 tres
682 343 767 407 liberos

99 418 216 470 genuerat,
234 426 263 456 ne
279 411 352 472 pellici
369 417 551 471 suspectarentur·
573 409 620 456 Sed
632 409 768 473 magnitudo

101 474 208 523 facinoris
224 482 317 530 metum,
331 475 474 537 prolationes,
488 475 578 522 dicusa
586 474 701 522 interdum
711 489 769 522 ron·

101 539 150 586 silla
160 539 273 587 afferebat.

135 603 180 652 IV.
197 603 294 652 Interim
304 606 356 652 anni
366 605 475 667 principio
486 603 586 659 Dnrsas,
597 619 627 651 ex
636 603 771 652 Gennanlcd

101 670 183 726 liberis,
203 679 280 732 togam
300 671 388 717 virilem
408 671 502 727 sumsit3
525 683 621 732 quaeque
637 668 703 717 fratri
721 671 771 733 ejus

102 734 191 783 Neroni
203 735 337 783 decreverat·
342 742 440 788 senatus,
451 736 552 796 repetita
581 735 676 781 Addidit
686 735 771 783 oratio·

103 816 156 846 nem
169 798 254 855 Cesar,
272 796 343 847 mula
358 815 411 846 cum
425 800 491 847 laude
506 799 546 846 tilii
563 800 604 855 sui,
622 801 684 861 quod
699 797 773 862 patrid

102 865 260 912 benevolendi
276 866 300 911 in
319 864 395 912 fratris
413 865 494 912 liberos
511 865 586 912 forem
608 879 661 912 narn
678 863 773 911 Drusut

105 931 252 993 (quamquam
271 931 365 976 arduum
385 929 422 987 sit,
445 930 525 977 eodem
541 930 587 976 loci
605 931 732 992 potentiam
748 936 774 978 et

105 996 248 1042 concordiam
259 993 321 1056 esse)
331 1011 410 1058 aequus
416 995 599 1051 adolescentibus,
607 1001 651 1042 'aut
657 1001 720 1043 certe
726 1008 774 1042 raon

104 1060 212 1108 adversus
222 1061 351 1109 habebatur.
383 1060 445 1108 Exin
460 1070 526 1107 vetus
539 1067 562 1106 et
573 1075 633 1122 sepe
643 1061 775 1107 simulatum

105 1123 260 1187 proficiscendi
270 1128 294 1173 in
305 1127 433 1188 provincias
443 1125 561 1172 consilium
572 1125 676 1172 refertm.
707 1122 774 1172 Mul-

104 1191 223 1238 titudinem
230 1200 393 1249 ,veteranorum
403 1192 542 1254 praetexebat
551 1191 679 1252 imperator,
696 1196 721 1237 et
733 1190 774 1237 de·

105 1255 199 1303 lectibus
210 1257 347 1320 supplendos
357 1258 483 1304 exercitus:
502 1269 554 1302 nam
565 1255 719 1302 voluntarium
729 1255 774 1301 ml·

105 1321 168 1368 litem
179 1322 275 1378 decem
292 1337 325 1376 ae,
337 1323 357 1368 si
368 1322 501 1384 suppeditet,
512 1334 559 1367 non
569 1317 648 1367 eidem
655 1321 740 1367 virtute
747 1334 775 1366 ae

106 1384 217 1433 modestii
238 1402 319 1449 ngare:
343 1387 398 1447 quia
417 1387 550 1448 plerumque
570 1386 650 1447 inopes
672 1399 698 1432 ac
720 1384 776 1447 'regi

107 1459 188 1513 sponte
204 1452 306 1497 militiam
322 1458 422 1498 sumant:
441 1451 614 1513 percensuitque
629 1451 719 1497 cursim
730 1464 775 1496 nu·

107 1531 195 1563 merum
217 1517 342 1578 legionum.
369 1529 392 1561 et
414 1531 470 1577 quas
491 1517 619 1577 provincias
640 1521 777 1563 tutarentur.

108 1579 176 1634 Quod
188 1582 242 1627 mihi
253 1597 342 1643 quoque
350 1581 517 1641 exsequendum
529 1595 587 1636 reor,
598 1596 650 1641 quae
661 1587 710 1626 tum
723 1579 775 1626 Ro·

107 1660 174 1691 mana
185 1647 249 1708 copis
259 1647 282 1693 iu
294 1647 368 1702 armis,
385 1646 424 1707 qui
436 1646 491 1694 socii
507 1661 580 1709 reges,
597 1653 682 1707 quanto
693 1645 723 1692 sit
733 1658 776 1692 an·

107 1711 196 1772 gustius
207 1712 365 1773 imperitatum

140 1775 170 1820 V.
189 1774 278 1822 Italiam
295 1785 391 1838 utroque
407 1776 463 1823 mari
480 1775 531 1824 duae
547 1776 639 1831 classes,
656 1775 777 1822 Misenum

108 1840 167 1902 apud
179 1848 202 1886 et
212 1841 353 1896 Rmemmm,
370 1843 544 1903 proximumque
558 1842 642 1889 Galliae
655 1841 710 1888 litus
725 1856 776 1888 ros·

107 1912 172 1952 tratae
183 1921 252 1953 naves
259 1907 413 1969 praesidebant,
425 1922 480 1967 quas
487 1904 584 1953 Actiaci
595 1905 690 1953 victoriis
701 1912 778 1968 captas

107 1970 228 2034 Augustus
247 1972 269 2019 in
287 1973 394 2034 oppidum
409 1971 565 2033 Forojuliense
583 1972 682 2025 miserat,
702 1971 779 2018 valido

108 2051 160 2083 cum
171 2038 264 2099 remige.
298 2038 343 2085 Sed
357 2038 495 2100 praecipuum
507 2037 575 2083 robur
586 2036 694 2083 Rhenum
701 2038 778 2100 juxta,

107 2116 228 2149 commune
247 2104 271 2150 in
290 2103 419 2150 Gennanos
433 2102 557 2162 Gallosque
576 2103 707 2156 subsidium,
724 2107 779 2149 octo

106 2165 209 2227 legiones
221 2176 291 2215 erant.
325 2167 451 2230 Hispania,
463 2182 542 2214 recens
551 2168 692 2230 perdomitae,
708 2167 780 2213 tribus

108 2230 253 2279 habebantur.
285 2233 381 2282 Mauros
389 2232 406 2281 J
408 2233 450 2279 uba
461 2248 501 2279 rex
512 2240 628 2295 acceperat
639 2233 724 2280 donum
735 2247 778 2293 po-

107 2296 153 2356 puli
174 2296 281 2343 Romani.
314 2296 406 2346 Caetera
425 2297 510 2345 Africae
529 2314 569 2360 per
585 2300 641 2345 duas
659 2299 778 2360 legiones3

108 2360 201 2421 parique
216 2378 310 2409 numero
326 2364 451 2426 AEgyptus.
485 2362 577 2411 Dehinc
590 2365 655 2410 initio
672 2363 700 2409 ab
712 2360 781 2422 Syrii

109 2427 220 2486 usquead
231 2426 316 2475 flumen
327 2428 466 2490 Euphraten,
484 2429 693 2491 quantumingenti
707 2434 779 2473 terra-

110 2506 159 2536 rum
172 2492 223 2538 sinu
238 2494 339 2548 ambitur,
355 2502 451 2555 quatuor
465 2494 592 2557 legionibus
608 2494 721 2540 co‘e'rcita:
741 2507 780 2538 sc-

109 2556 165 2603 eolis
176 2554 243 2605 Ibero
255 2559 389 2622 Albanoque
400 2568 424 2606 et
433 2561 483 2606 aliis
500 2559 597 2620 regibus,
612 2560 651 2620 qui
662 2559 780 2619 magnitu-

98 2621 155 2672 dine
169 2624 252 2675 nostri
266 2633 422 2693 proteguntur
437 2624 559 2675 aduersum
573 2631 669 2679 externa
680 2623 784 2683 imperia.

37 2687 40 2691 ’
86 2686 128 2738 Et
140 2689 271 2748 Thraciam
284 2682 698 2749 Ruoemeutoesatubshbsutia
710 2685 796 2744 {xpm-
