1680 2910
93 126 194 176 J.c.15.
244 121 437 172 ANNALIUM
454 122 506 172 Lm.
518 121 538 170 Ι.
552 77 662 173 Canidi.
727 126 756 171 Sl

89 261 133 301 ,tor
148 253 291 312 Germaniae3
310 254 423 317 Segestes,
442 255 514 317 parari
531 254 680 307 rebellionem,
698 266 759 314 saepe

93 319 157 374 alius,
176 326 200 365 et
210 334 315 380 supremo
326 320 437 375 convivio,
455 326 507 382 post
516 320 577 381 quod
586 319 610 366 in
621 333 683 364 arma
693 317 758 372 itum,

93 383 196 446 aperuit:
215 385 329 444 suasitque
339 383 410 439 Varo,
426 391 452 431 ut
463 399 488 430 se
497 392 521 430 et
537 384 665 431 Amrinium
677 391 700 428 et
710 397 756 428 cae·

93 455 156 495 teror
166 463 270 510 proceres
280 449 390 506 vinciret;
408 448 464 495 nihil
473 463 578 495 ausuram
588 448 682 510 plebem,
693 447 755 509 prin·

92 512 181 574 ciprlsus
197 513 291 560 amotis:
311 520 378 574 atque
388 514 430 574 ipsi
441 519 530 576 tempus
539 512 595 566 fore,
606 528 651 573 quo
662 511 756 558 crimina

93 578 236 624 etinnoxios
245 577 388 624 discerneret.
422 577 467 625 Sed
486 577 563 624 Varus
577 576 624 624 fato
639 576 696 623 etri
708 575 756 622 Ar·

93 641 159 688 minii
169 641 256 689 cecidit.
280 642 395 704 Segestes,
407 657 540 703 qumquam
559 656 671 688 consensu
682 640 758 703 gentis

93 706 118 752 in
129 705 213 753 bellum
233 713 325 761 tractus,
344 707 430 754 discors
444 707 554 760 manebat,
570 707 641 754 auctis
651 705 756 768 privatim

92 771 158 823 odiis.
169 771 230 832 quod
241 771 359 817 Arminius
367 769 436 817 liliam
452 772 507 834 ejus,
518 771 554 817 alii
564 778 659 833 poetam
677 784 756 832 rapue-
825 773 829 783 “

93 843 136 882 rat.
170 835 249 883 Gener
269 836 363 888 inrisus,
380 835 464 882 inimici
481 836 567 882 soceri:
586 849 682 896 quaeque
698 833 757 894 apud

92 898 218 947 concordes
228 899 319 946 vincula
328 899 432 954 matous,
450 901 593 947 incitamento
603 901 686 946 irarum
697 897 756 961 apud

92 963 195 1011 infensos
205 973 276 1010 erant.

127 1027 194 1075 LVI.
212 1027 287 1090 Igitur
299 1026 447 1075 Germanicus
457 1037 553 1089 quatuor
562 1029 670 1092 legiones,
688 1028 753 1087 quin·

92 1108 138 1154 que
148 1093 288 1140 auxiliarium
299 1093 374 1148 millia,
386 1100 409 1140 et
419 1094 573 1140 tumultuarias
585 1102 685 1140 catervas
695 1093 755 1139 Ger-

94 1173 212 1205 manomm
230 1158 264 1205 cis
279 1157 386 1204 Rhenum
405 1158 533 1211 colentium,
552 1156 652 1205 Caecinae
669 1157 751 1203 tradita

93 1223 188 1270 totidem
204 1222 313 1285 legiones,
333 1223 445 1283 duplicem
456 1223 567 1269 sociorum
579 1236 697 1268 numerum
708 1222 757 1281 ipse

93 1287 170 1334 ducit:
189 1289 307 1351 positoque
317 1287 410 1334 castello
421 1302 487 1348 super
496 1287 593 1348 vestigia
600 1286 685 1348 paterni
696 1299 755 1346 prae·

94 1352 151 1406 sidii,
163 1353 187 1400 in
197 1360 275 1400 monte
286 1351 376 1408 Tauno,
387 1352 515 1413 expeditum
526 1352 649 1397 exercitum
661 1351 685 1396 in
699 1346 754 1397 Cat·

92 1425 129 1464 tos
140 1418 213 1481 rapit;
231 1415 260 1463 L.
267 1415 369 1480 Apronio
389 1417 417 1463 ad
433 1417 569 1462 munitiones
579 1416 665 1463 riarum
677 1422 700 1460 et
711 1413 754 1463 flu·

93 1483 179 1529 minum
192 1482 285 1529 relicto:
305 1497 356 1529 nam
377 1482 462 1544 (rarum
480 1482 512 1526 illi
529 1479 598 1541 coelo)
617 1481 715 1526 siccitate
731 1486 755 1525 et

93 1547 196 1594 amnibus
208 1547 307 1602 modicis,
318 1545 453 1593 inoffensum
469 1547 511 1591 iter
522 1552 694 1608 properaverat;
711 1545 754 1590 im·

92 1612 187 1673 bresque
198 1619 222 1659 et
232 1611 349 1658 fluminum
361 1619 440 1658 auctus
450 1611 585 1672 regredienti
593 1611 756 1657 metuebantur.

93 1676 140 1724 sed
150 1675 227 1725 Cattis
236 1677 292 1724 adeo
303 1677 437 1739 improvisus
448 1676 545 1729 advenit,
565 1683 596 1729 ut,
613 1676 673 1736 quod
683 1675 754 1721 imbe-

92 1741 169 1788 cillum
181 1748 247 1788 aetate
258 1757 284 1788 ec
295 1755 357 1796 sexu,
378 1742 454 1788 atatim
471 1748 560 1802 captum
572 1748 610 1786 aut
621 1739 755 1786 trucidatum

92 1805 130 1852 sit.
160 1804 274 1854 Juventus
285 1804 369 1852 flumen
381 1806 496 1852 Adranam
512 1805 586 1852 nando
597 1804 757 1858 transmiserat,

92 1868 263 1930 Romanosque,
285 1878 376 1930 pontem
402 1878 534 1932 coeptantes,
556 1870 673 1917 arcebant:
703 1869 756 1915 dein

91 1936 211 1982 tormentis
221 1935 353 1996 sagittisque
368 1935 433 1997 pulsi,
450 1936 543 1983 tentatis
552 1933 636 1981 frustra
646 1933 756 1979 conditio·

92 2000 158 2046 nibus
168 2000 237 2061 pacis,
254 2015 305 2046 cum
325 2000 413 2060 quidam
432 2001 460 2046 ad
472 1999 633 2048 Germanicum
643 1997 756 2060 perfugis-

92 2072 150 2119 sent,
162 2065 248 2125 reliqui,
260 2065 348 2110 omissis
358 2065 423 2125 pagis
433 2066 539 2125 vicisque,
556 2066 579 2110 in
591 2063 659 2110 silvas
670 2062 756 2124 disper·

41 2178 45 2185 .
91 2137 185 2192 guntur.
218 2127 305 2182 Caesar,
322 2129 416 2175 incenso
435 2129 526 2182 Mattio,
545 2129 581 2191 (id
598 2128 661 2189 genti
678 2123 756 2189 caput)

46 2223 49 2227 >
91 2201 170 2255 aperta
180 2193 305 2256 populatus,
317 2195 384 2240 vertit
395 2194 423 2240 ad
431 2192 552 2250 Rhenum
568 2208 615 2240 non
627 2207 680 2239 auso
691 2192 758 2238 hoste

91 2267 158 2320 terga
168 2259 297 2305 abeuntium
311 2258 436 2314 lacessere;
452 2259 512 2318 quod
530 2257 562 2303 illi
579 2257 654 2311 moris,
669 2256 758 2316 quoties

92 2330 142 2370 astu
155 2324 229 2385 magis
238 2337 304 2382 quam
313 2339 353 2385 per
362 2321 505 2369 formidinem
516 2321 590 2368 cessit.
613 2321 697 2367 Fuerat
707 2321 756 2368 ani·

92 2401 145 2435 mus
157 2385 280 2437 Cheruscis
290 2383 372 2449 juvare
383 2385 479 2444 Cattos3
496 2388 536 2434 sed
552 2385 661 2433 exterruit
681 2383 757 2434 Caeci-

92 2464 130 2508 aa,
141 2453 186 2500 huc
196 2453 250 2499 illac
264 2451 340 2500 serens
350 2466 429 2511 arma;
445 2460 470 2500 et
484 2450 587 2509 Μωοε,
602 2449 718 2516 congredi
724 2461 770 2495 sue

93 2531 138 2623 „Z
143 2519 471 2656 ffl‘ffgqsszoelllrlpssctghpliousltt·
474 2589 556 2657 legati
570 2604 586 2637 a
600 2585 715 2648 Segeste
721 2583 804 2623 nene-

63 2647 132 2697 —mt
149 2644 262 2698 matum
280 2661 382 2708 orantes
402 2659 526 2713 adversus
543 2658 599 2711 sim
610 2642 790 2721 pouffilm‘
807 2644 827 2674 ³
