1680 2910
80 170 127 216 178
272 158 564 213 SUPPLEMENTUM
630 167 747 214 menas.

74 296 165 345 misslua
188 295 247 356 quod
270 308 380 342 novorum
402 294 518 341 hominurn
542 290 622 343 l'aellla'
641 294 743 353 offensio,

73 362 146 426 gratia
157 360 257 413 difficilis,
269 368 334 406 atrox
345 360 453 422 superbia,
465 360 540 406 odium
553 360 669 425 persistit.
686 356 742 409 (lm-

76 442 117 473 nes
128 424 225 471 consulis
235 424 320 471 loribus
331 425 444 480 adsistere,
463 426 511 487 eJus
522 425 608 472 libertis
623 440 650 472 ac
656 427 741 487 jaulto·

75 492 135 539 ribus
152 500 276 546 notescere,
291 504 342 536 eum
358 490 477 552 adspicere,
489 489 580 546 ambire,
592 490 699 546 salutare,
714 504 743 539 ex

75 557 123 618 ejus
135 554 230 615 alloquio
242 564 264 600 et
276 564 331 601 nutu
343 554 447 616 ingentes
458 570 509 617 spea
519 556 621 617 agitarer
641 557 742 603 omnium

75 621 174 671 vocibus,
193 620 293 665 omnium
310 620 411 667 laudibus
428 620 568 677 celebratur;
585 624 610 667 et
621 634 690 682 quem
701 620 741 668 ad·

75 687 120 732 buc
131 685 199 747 pudet
218 684 240 730 in
256 684 298 730 hac
316 685 400 730 seruitii
419 686 644 732 crrrditatenuminis
655 684 741 733 nutam

73 750 180 862 praesenti
191 748 277 804 offerre,
294 750 314 796 ia
329 749 358 795 ad
368 751 416 813 ejus
424 750 534 812 imagines
545 751 594 797 alne
606 748 742 799 verecundlb

88 814 178 861 elertur.

109 876 195 942 [Tanta
213 877 283 924 Urbis
300 878 373 925 studia
388 880 447 926 haud
463 879 558 926 miratus
574 880 688 942 princeps,
705 879 744 927 aad

75 944 167 995 cautior,
184 941 212 987 L.
222 941 336 996 Pisonem,
354 950 417 1003 patre
428 944 530 990 censorio
541 942 648 1000 nobilem,
665 942 696 991 ob
705 959 740 992 ra·

74 1009 187 1055 'tissimum
198 1006 265 1052 luxus
273 1021 299 1052 oc
307 1008 396 1052 virtutis
404 1013 612 1069 temperamentum,
622 1014 647 1055 et
657 1008 741 1057 nullam

73 1074 132 1119 inter
143 1072 261 1117 acerrimas
272 1086 336 1118 curas
346 1071 500 1133 occupationis
514 1074 690 1120 ostentationem
701 1088 740 1120 ae·

73 1137 232 1199 ceptiasimmn,
255 1136 424 1198 secretiorisque
442 1137 529 1198 imperii
548 1137 571 1183 in
588 1134 660 1184 Urbis
681 1144 739 1200 prae-

72 1201 159 1249 fectura
170 1201 304 1262 participem,
316 1201 439 1263 vigilantiae
450 1202 566 1248 admonet:
581 1201 682 1249 eonsulls
693 1200 740 1249 rol-

73 1266 155 1328 loquia,
168 1273 295 1311 sirrrutorum
305 1267 415 1327 obsequia,
424 1267 523 1328 equitum
535 1272 595 1321 vota,
677 1267 682 1279 '
695 1266 741 1314 dic·

73 1332 136 1385 teria,
163 1345 264 1376 rumores
286 1346 364 1376 omncs
386 1332 443 1378 clam
465 1331 568 1392 anquirit,
591 1331 741 1379 eenslontltb

74 1396 201 1458 negligens,
222 1403 246 1440 ut
256 1394 332 1455 plnres
342 1395 467 1441 futurorum
479 1396 598 1442 exitiorum
610 1410 690 1444 causas
701 1398 740 1443 ha-

73 1461 138 1507 beat:
159 1461 249 1520 ipseque
268 1475 349 1505 novam
362 1461 517 1520 obsequiorum
534 1461 652 1507 materiem
671 1456 740 1517 addit,

75 1527 149 1572 missia
161 1524 188 1571 ad
200 1532 301 1570 senatum
312 1524 387 1579 literis,
405 1526 484 1584 quibus
497 1525 571 1586 Sejanl
583 1524 651 1571 fldem
663 1540 739 1574 curas·

73 1606 118 1651 que
126 1588 281 1645 commcndat;
299 1596 322 1634 et
333 1605 383 1633 (um
396 1590 506 1650 insignem
516 1586 672 1652 principalium
683 1606 739 1638 oue·

74 1670 123 1700 rum
142 1654 272 1715 adjutorem,
289 1654 374 1715 imperii
391 1655 484 1711 socium,
503 1654 609 1717 sejanum
621 1670 688 1702 suum
700 1670 740 1718 ap·

103 1718 148 1763 llat.

73 1734 216 1844 pe[Corrsul
228 1789 253 1827 ut
264 1782 390 1828 truculento
406 1783 498 1845 principi
513 1790 590 1844 grates
602 1791 656 1846 agat
667 1784 741 1831 incer-

74 1853 123 1894 tum
136 1862 164 1892 an
176 1854 201 1892 nt
213 1847 336 1893 simultates
344 1847 415 1899 faciat,
431 1849 539 1909 primores
550 1847 581 1893 illi
594 1848 679 1895 invisos
690 1864 740 1895 cor·

75 1912 133 1973 ripit,
153 1920 176 1957 et
188 1910 245 1957 lictis
259 1912 387 1958 criminibus
406 1912 522 1958 damnatos
541 1912 653 1959 interficit.
686 1910 739 1960 Hos

74 1978 134 2024 inter
154 1977 274 2023 Geminius
286 1975 367 2029 Rufus,
384 1977 506 2035 majestatis
523 1975 658 2038 postulatus,
676 1992 742 2025 sena·

74 2048 123 2089 turn
135 2042 195 2091 adiit.
207 2048 236 2093 et,
249 2050 274 2086 ut
285 2039 398 2087 Caesarem
409 2041 483 2087 liberis
491 2043 537 2087 suis
548 2040 680 2104 placabilem
691 2042 741 2089 red·

75 2107 144 2159 deret,
157 2113 316 2152 testamentum
327 2106 435 2160 recitavit,
448 2121 493 2165 quo
504 2122 563 2159 eum,
574 2106 658 2168 partitd
669 2108 741 2155 baere·

74 2172 149 2226 ditate,
161 2171 236 2216 liberis
248 2170 385 2229 exaequabat.
418 2167 445 2216 Id
463 2172 521 2217 haud
538 2172 592 2218 satis
603 2171 668 2218 m‘rile
678 2172 740 2219 habi·

73 2242 122 2282 tum
133 2254 138 2282 :
159 2236 250 2282 domum
261 2236 342 2294 itaque,
353 2232 399 2280 lata
409 2235 508 2281 nondum
520 2234 639 2293 sententiis,
651 2252 740 2300 regres-

74 2316 120 2354 sus,
140 2308 163 2345 et
183 2308 325 2360 quaestorem,
343 2313 453 2360 supremae
470 2301 611 2347 necessitatis
629 2304 741 2357 nuntium,

75 2372 188 2425 oppertus.
201 2365 237 2408 ubi
249 2378 300 2409 enm
312 2363 374 2417 vidit,
394 2364 492 2425 gladium
511 2379 552 2410 aua
571 2366 594 2411 in
610 2366 697 2413 viscera
707 2366 741 2413 di·

74 2430 150 2484 rcxit;
168 2428 294 2488 vulnusque
305 2428 431 2481 ostendens,
445 2427 558 2483 “Helen'‘
570 2430 608 2481 alt,
627 2431 740 2488 “acuatui,

75 2495 183 2541 sicvirum
193 2491 353 2539 occumbere.'’
371 2492 451 2539 Publia
460 2491 543 2548 Prisca,
556 2495 660 2539 maritum
670 2510 740 2542 aemu·

72 2558 145 2606 latur:
166 2560 235 2622 injus
247 2565 333 2612 vocata,
350 2559 434 2604 curiam
445 2559 525 2614 uenit,
540 2558 622 2617 ibique,
633 2560 740 2620 pugione,

64 2634 135 2692 quem
149 2627 201 2674 sinu
214 2625 355 2677 occuluerat,
368 2622 457 2675 adacto,
466 2629 560 2666 uxortua
569 2621 665 2688 condas.

89 2692 224 2765 [quanum
241 2700 282 2746 tot
292 2688 417 2742 funeribus
432 2677 769 2732 dominatmmmmamemsa
