1680 2910
74 143 95 181 J.
106 142 172 188 0³7.
238 137 291 185 Lus.
299 136 358 184 VII.
374 135 573 184 ANNALIUM.
689 141 737 186 225

72 269 163 332 imperii
174 270 280 317 aemulum
292 269 384 323 veritus,
397 284 426 315 ne
437 268 524 330 scriptis
531 268 621 329 quidem
631 268 658 315 ad
670 284 734 316 sena·

75 342 124 382 turn
136 335 213 390 literis,
231 336 301 382 veluti
313 335 361 389 sibi,
375 349 426 380 cum
438 335 516 381 morbo
524 334 668 389 detinebatur,
680 334 736 381 insi·

75 399 167 453 diatum,
182 407 273 463 repente
283 400 385 446 immisso
395 399 483 445 tribuno
502 399 605 451 militum,
617 399 735 462 inopinan-

73 471 121 512 tem
131 466 260 512 interemit:
280 465 439 511 conscientiam
458 464 558 510 criminis
573 463 683 525 appellare
694 479 734 510 au·

70 545 120 582 sus,
131 531 192 591 quod
202 529 313 584 'liberius
329 531 358 576 ob
372 529 481 575 assiduam
500 537 523 574 et
540 529 734 590 ingravescentem

73 595 154 641 tussim
164 595 326 642 medicamento
337 610 400 647 usus,
414 594 545 650 antidotum,
557 594 620 653 quasi
631 593 659 640 ad
675 609 733 655 prae·

74 661 176 706 cavenda
188 674 278 706 venena
292 675 333 706 sun
348 667 453 711 sumtum,
474 658 601 705 oboluisset
635 657 734 712 Quidam

72 722 191 786 prodidere
200 725 290 787 jussum
301 731 405 770 cruentas
419 738 498 769 manus
510 723 550 769 sibi
561 721 646 776 afferre,
663 738 692 768 ne
707 723 735 769 ab

74 790 215 836 exactoribus
222 790 344 836 violaretur
355 787 471 836 Caesarum
483 788 598 848 majestas:
614 787 734 849 juvenem-

72 869 117 914 que
128 870 174 901 nou
183 855 250 900 modo
261 853 357 906 sceleris,
368 854 407 899 sed
418 853 564 913 properandae
578 852 645 898 etiam
656 852 735 898 mortis

74 918 160 974 rudem,
177 926 243 980 caput
261 919 427 979 percussoribus
446 918 505 962 ultro
525 916 647 973 obtulisse;
664 916 734 976 iisque

72 985 225 1038 renuentibus,
244 983 339 1045 petiisse,
351 997 417 1042 qnam
436 980 512 1027 feriret
526 981 625 1043 corporis
641 987 734 1042 partem,

72 1055 99 1095 ut
113 1049 183 1096 vitam
199 1048 264 1095 finire
278 1054 369 1110 posset:
388 1047 544 1106 edoctumque,
559 1046 639 1092 adacto
650 1045 733 1107 gladio,

68 1115 213 1160 occubuisse,
635 1137 637 1142 ·

106 1175 234 1241 [Princeps.
249 1177 371 1224 umbratico
383 1175 475 1222 crimine
487 1175 567 1230 audax,
582 1173 677 1222 nefanda
688 1183 731 1236 pu·

74 1243 135 1289 blica
145 1243 288 1305 aggreditur.
320 1242 358 1288 Ab
368 1241 453 1287 Atanio
466 1239 576 1294 Secundo,
589 1254 655 1300 quern
667 1254 734 1301 supra

72 1309 204 1363 memoravi,
221 1315 299 1354 votum
311 1307 389 1368 exigit,
405 1312 534 1368 spectatque
548 1304 608 1351 ferro
625 1305 734 1351 dimican-

71 1378 126 1428 tem,
136 1388 178 1419 nec
189 1373 231 1419 nisi
241 1373 356 1426 victorem,
368 1378 391 1417 et
401 1377 454 1432 post
468 1370 550 1417 multas
562 1383 645 1430 preces,
658 1369 734 1416 dimit-

71 1438 108 1484 tit.
140 1436 259 1484 Afranium
271 1436 379 1491 Potitum,
395 1436 452 1482 mori
463 1441 611 1490 cunctantem,
625 1434 731 1482 verbena-

68 1508 122 1549 -tum
138 1502 299 1563 infulatumque
309 1501 384 1563 pueris
398 1500 472 1555 tradit,
492 1501 539 1560 qui,
559 1507 637 1548 votum
654 1514 731 1561 repos-

71 1573 155 1621 centes,
167 1582 207 1629 per
217 1568 279 1614 vicos
293 1573 368 1630 agant,
387 1565 461 1626 quoad
478 1579 508 1611 ex
525 1580 609 1628 aggere
627 1565 732 1626 praecipi·

69 1638 140 1678 tetur.

105 1693 214 1758 [Tristior
225 1696 261 1743 M.
274 1695 344 1744 Silani
359 1696 440 1743 exitus.
473 1693 499 1742 Is
509 1695 599 1750 virtute,
610 1708 676 1756 quam
684 1694 731 1757 ¹im·

69 1757 182 1822 peratorii
192 1762 304 1815 affinitate,
320 1762 432 1814 illustrior,
444 1761 561 1807 monitoris
575 1767 656 1822 partes,
673 1760 732 1822 apud

69 1826 143 1872 bones
152 1825 264 1888 principes
274 1826 381 1881 difficiles,
398 1826 457 1887 apud
471 1825 542 1872 muns
552 1824 659 1881 funestas,
676 1840 731 1887 age·

69 1891 124 1946 bnt;
143 1893 263 1951 veterique,
278 1889 324 1951 qui
338 1890 397 1952 apud
408 1890 523 1937 'liberium
534 1891 640 1944 valuerat,
652 1898 730 1936 aucto-

70 1954 137 2009 ritati,
156 1960 179 2001 et
189 1954 242 2002 filiae
255 1970 302 2002 suae
314 1953 417 2003 Claudiae
427 1970 506 2002 recens
516 1962 611 2002 mortuae
622 1954 731 2001 desiderio

67 2018 177 2075 confisus,
188 2021 289 2082 principi,
298 2035 364 2082 quem
376 2020 475 2067 nondum
486 2020 583 2066 libidinis
593 2018 682 2065 firmum
694 2033 730 2065 re·

67 2085 140 2139 batur,
159 2084 279 2131 identidem
293 2087 430 2132 memorabat
440 2085 558 2131 virtutibus
568 2090 643 2145 partos
653 2083 731 2146 populi

69 2164 165 2205 amores,
177 2151 279 2210 proxima
289 2151 349 2196 vitiis
360 2151 416 2196 odia.
444 2147 514 2197 Caius
522 2150 662 2203 monitorem,
675 2155 730 2195 tunc

66 2214 231 2276 importunum,
250 2221 280 2268 et,
301 2215 320 2260 si
331 2215 413 2260 diutius
428 2213 522 2267 viveret,
539 2227 638 2274 gravem,
654 2212 729 2273 primo

67 2278 216 2333 contumeliis,
234 2279 314 2325 deinde
332 2279 448 2326 calumniis
466 2278 611 2340 aggreditur;
632 2286 729 2337 cumque

66 2342 83 2392 J
85 2343 155 2389 ulium
167 2342 300 2390 Graecinum
315 2343 343 2390 ad
355 2345 395 2390 viri
407 2344 485 2405 optimi
496 2343 660 2390 accusationem
672 2342 728 2388 inci·
741 2382 745 2396 ,

66 2415 115 2454 tare
127 2423 172 2453 non
188 2417 271 2469 posset,
282 2409 329 2471 ipse
340 2415 450 2463 causatus,
462 2409 522 2468 quod
538 2407 628 2454 Silanus
639 2408 727 2469 ingres·

65 2488 117 2520 sum
129 2487 153 2519 se
161 2474 269 2520 turbatius
280 2488 342 2520 mare
352 2489 398 2519 non
410 2480 469 2520 esset
487 2480 583 2527 meritus,
602 2479 629 2518 ut
644 2471 728 2532 siquid

65 2538 107 2584 sibi
130 2553 170 2598 per
191 2545 335 2599 tempestates
357 2539 472 2593 accideret,
496 2537 583 2585 Urbem
602 2542 732 2597 occuparet,

62 2617 115 2646 eum
126 2603 156 2648 sd
165 2617 244 2649 necem
256 2603 412 2667 secandasque
427 2602 548 2655 noracsbb
555 2603 638 2650 lauces
646 2610 748 2654 compu-

49 2663 85 2710 lit.
112 2665 178 2714 Mor
187 2665 281 2718 Liviam
295 2668 446 2732 Orestillam,
459 2669 594 2740 Calpurnio
601 2661 768 2714 unanimu-

758 2854 763 2862 .
802 2756 821 2861 i
