1680 2910
126 95 187 174 40²
226 121 419 172 ausanium
435 119 533 172 mir:
546 121 638 173 cana
672 125 791 175 uere·

123 256 180 302 luxu
194 261 218 302 et
233 255 297 317 regio
313 249 416 302 nornine:
436 255 496 314 quod
511 254 629 301 ludibrium
647 260 672 300 ut
687 252 789 316 effligere

125 320 244 382 agitaverit
254 318 371 370 Vonones,
380 319 403 363 in
411 317 462 365 loco
473 319 597 365 reddemus.

159 382 189 431 V.
208 381 323 432 Caeterum
341 381 431 429 Tiberio
444 383 501 430 haud
512 384 625 444 ingratum
639 383 726 437 accidit,
739 389 788 428 tur-

123 449 170 496 ban'
187 465 223 496 res
234 444 355 504 Orientis}
371 453 396 492 ut
412 445 440 494 eri
455 448 529 508 specie
542 449 702 495 Germanicum
718 447 789 501 suetis

124 509 250 576 legionibus
267 513 409 577 abstraheret,
433 513 541 572 novisque
556 513 677 573 provinciis
694 510 786 573 imposi-

125 585 180 633 tum,
193 578 245 624 dolo
253 578 320 623 simul
330 586 353 622 et
362 576 449 622 casibus
460 576 586 638 objectaret.
604 577 637 622 At
647 576 691 630 ille,
703 582 787 635 quanto

125 643 211 690 acriora
226 643 249 687 in
261 656 312 687 eum
324 640 396 687 studia
407 641 509 695 militum,
528 648 551 686 et
567 655 646 687 aversa
660 641 733 701 patrui
744 655 786 685 vo·

124 702 206 761 luntas,
218 705 342 753 celerandae
352 705 453 752 victoriae
462 703 576 758 intentior,
587 712 683 751 tractare
694 704 787 764 proelio·

124 786 174 818 rum
186 771 240 825 vias,
249 777 272 817 et
282 785 334 830 quae
344 769 385 816 sibi
396 770 540 832 tertiumjam
553 783 636 816 annum
647 768 788 829 belligeranti

124 830 186 883 saera
196 835 232 881 vel
243 848 347 896 prospera
354 835 496 881 evenissent:
517 833 591 880 Fundi
603 835 730 880 Germanos
741 833 789 878 acie

124 909 148 948 et
155 901 222 963 justis
232 899 300 964 locis:
316 899 391 962 juvari
405 899 474 954 silvis,
491 898 614 961 paludibus,
630 897 692 944 brevi
708 904 787 944 aestate

125 974 149 1011 et
163 961 297 1026 praematuri
315 964 399 1009 bieme:
419 979 484 1010 suum
501 964 594 1010 militem
614 962 673 1008 haud
695 961 787 1022 perinde

124 1029 260 1083 vulneribus,
276 1043 343 1091 quam
360 1028 436 1089 spatiis
449 1029 561 1081 itinerum,
576 1028 657 1074 damno
672 1040 785 1072 armorum

125 1093 198 1140 affici:
210 1092 288 1140 -feesas
297 1090 384 1140 Gallias
391 1093 543 1141 ministrandis
551 1093 625 1152 equis:
638 1091 732 1152 longum
740 1091 785 1136 im-

123 1159 301 1222 pedimentorum
318 1172 400 1220 agmen
418 1157 612 1219 opportunumad
628 1155 725 1209 insidias,
746 1155 785 1201 de·

67 1268 70 1277 ,
123 1223 261 1270 densantibus
269 1223 376 1284 iniquum.
410 1223 449 1277 At,
462 1224 480 1268 si
491 1237 553 1268 mare
564 1223 665 1274 intretur,
674 1227 784 1281 promtam

122 1287 177 1350 ipsis
185 1283 354 1349 possessionem,
363 1293 387 1333 et
394 1287 493 1334 hostibus
501 1289 615 1348 ignotam:
629 1285 695 1332 simul
702 1284 786 1345 bellum

123 1353 233 1400 maturius
251 1352 324 1413 incipi,
346 1351 491 1413 legionesque
507 1358 531 1398 et
549 1358 686 1399 commeatus
704 1349 787 1410 pariter

122 1418 189 1463 vehi:
208 1417 321 1478 integrum
339 1416 436 1477 equitem
452 1431 565 1477 equosque
575 1430 615 1478 per
626 1420 698 1461 ornet
709 1413 785 1459 alveos

124 1479 242 1527 fluminum
253 1478 327 1527 medii
337 1482 360 1527 in
373 1479 498 1528 Germanii
504 1479 559 1527 lore.
621 1512 624 1517 -
673 1510 675 1514 ι

156 1544 202 1591 Vl.
215 1544 289 1606 lffl'tur
299 1546 342 1593 huc
353 1545 461 1592 intendit:
481 1546 555 1592 missis
566 1544 594 1592 ad
605 1558 685 1592 census
697 1540 783 1590 Gallia-
814 1592 817 1599 ,

124 1625 175 1657 rum
193 1609 220 1656 P.
227 1608 319 1656 Vitellio
339 1617 362 1656 et
380 1607 408 1658 C.
417 1610 495 1664 Antio,
519 1610 586 1657 Silius
605 1616 629 1656 et
648 1607 745 1655 Anteius
761 1613 785 1653 et

125 1672 217 1723 Caecina
226 1673 361 1722 fabricandae
371 1674 437 1722 classi
447 1683 615 1737 praeponuntur.
638 1672 705 1720 Mille
716 1686 785 1719 naves

123 1738 225 1786 sufficere
240 1738 303 1794 visae,
320 1739 502 1801 properatse'que:
521 1739 572 1787 aliae
587 1740 673 1791 breves,
689 1735 787 1798 angusti

122 1804 191 1870 puppi
201 1802 316 1864 prorisque,
328 1813 352 1850 et
361 1803 408 1850 lato
419 1812 490 1860 utero,
501 1820 546 1865 quo
556 1802 643 1850 facilius
653 1801 735 1847 fluctus
747 1808 784 1847 to·

122 1867 235 1915 letarent:
253 1868 356 1929 quaedam
367 1869 440 1930 planae
450 1869 537 1924 carinis,
554 1874 579 1915 ut
590 1867 639 1914 sine
649 1863 709 1912 noxia
725 1866 786 1912 side·

122 1939 186 1979 rent:
205 1934 280 1993 plures
296 1933 402 1996 appositis
420 1935 532 1994 utrimque
548 1930 710 1994 gubernaculis,
728 1945 784 1976 con·

123 2012 190 2044 verso
201 2005 226 2044 ut
237 2005 329 2059 repente
344 1997 439 2060 remigio
450 1999 502 2044 hinc
512 1997 550 2044 vel
560 1996 621 2042 illinc
629 1994 780 2057 appellerent:
811 2034 814 2041 ,

122 2061 201 2108 multae
216 2063 320 2123 pontibus
338 2069 421 2117 stratae,
437 2077 503 2124 super
519 2075 573 2122 quas
587 2067 700 2107 tormenta
715 2061 783 2125 vehe-

123 2134 207 2180 rentur,
227 2127 294 2173 simul
308 2136 374 2190 aptae*
384 2126 482 2174 ferendis
500 2127 564 2186 equis
582 2133 621 2173 aut
643 2124 783 2183 commeatui,

122 2191 180 2237 velis
194 2190 284 2247 habiles,
299 2193 351 2238 citae
362 2192 436 2246 remis,
453 2191 591 2253 augebantur
601 2189 714 2236 alacritate
725 2188 783 2234 mili·

123 2261 173 2300 turn
184 2255 313 2318 inspeciem
324 2272 350 2303 ac
360 2264 475 2303 terrorem.
508 2253 586 2302 Insula
597 2253 742 2308 Batavorum¹
759 2253 782 2298 in

123 2334 192 2380 quam
200 2319 355 2376 convenirent,
367 2321 478 2384 praedicta,
490 2321 519 2366 ob
529 2319 606 2367 faciles
618 2319 731 2381 appulsus,
745 2332 784 2364 ec·
811 2360 814 2365 ,

123 2384 274 2446 cipiendisque
291 2386 359 2448 copiis
370 2392 394 2432 et
404 2385 598 2432 transmittendum
610 2384 639 2431 s'd
648 2382 731 2430 bellum
742 2397 784 2444 op-

123 2455 226 2511 portuna.
259 2449 321 2497 Nam
340 2449 436 2497 Rhenus
454 2465 500 2496 uno
517 2449 581 2496 alveo
600 2449 727 2501 continuus,
746 2453 785 2493 aut

123 2514 223 2562 modicas
233 2514 318 2562 insulas
325 2516 509 2570 circumveniens,
522 2514 579 2576 apud
591 2512 722 2577 principium
733 2511 785 2574 'agrl

107 2575 198 2624 Butan'
209 2579 307 2629 velutin
317 2580 377 2632 duos
395 2595 476 2632 amnes
486 2579 598 2638 diuiditur,
615 2583 735 2639 seruatque
742 2591 785 2624 nu·
