1680 2910
87 120 119 165 as
183 115 376 165 ANNALIUM
392 114 602 167 Latonas.
634 119 758 170 uendi.

86 249 142 295 deos
153 249 305 304 obtestantur3
322 248 377 294 nihil
387 248 465 309 reliqui
476 246 569 303 faciunt,
580 263 625 308 quo
633 248 757 298 minutia·

86 313 176 367 sidiam,
192 314 372 365 miscricordiam,
389 323 482 368 metum,
498 321 522 359 et
533 314 577 359 iras
588 324 757 375 permoverent.

89 378 222 424 Accurritur
233 379 260 425 ab
272 379 387 432 universis,
404 385 434 432 et,
451 393 540 424 earcere
549 377 651 432 effracto,
661 378 757 427 solvunt

87 444 183 498 vincula,
195 444 364 504 desertoresque
375 459 401 489 ae
412 458 486 489 rerum
497 443 623 506 capitalium
635 444 756 493 damnatos

87 508 129 554 sibi
136 509 185 570 jam
196 509 299 555 miscent.

120 571 209 619 XXII.
224 573 369 636 Flagrantior
376 573 428 620 inde
436 573 476 627 via,
483 573 558 635 plures
565 573 668 621 seditioni
677 573 756 631 duces,

90 647 113 684 et
123 637 250 685 Vibulenus
259 640 357 699 quidam,
373 639 491 701 gregarim
505 639 576 692 rnIlea,
593 646 646 685 ante
656 638 757 686 tribunal

89 702 160 753 Blaesi
171 703 280 751 allevatus
290 704 480 751 circumstantium
492 704 597 757 humeris,
608 703 668 765 apud
678 704 757 752 turba·

89 776 133 821 tos,
145 776 174 822 et,
186 769 239 829 quid
250 777 344 830 pararet,
355 771 461 823 intentos,
470 767 542 815 “Vos
549 766 662 829 quidcm,”
674 768 755 830 lnquit,

91 841 105 861 ‘¹
113 834 308 880 hisinnocentibus
314 842 338 880 ct
344 834 474 880 miserrimis
482 833 556 879 lucem
563 842 587 879 ct
592 833 694 895 spiritam
702 835 755 881 reo·

92 898 193 944 uidistis:
213 899 252 944 sed
260 902 310 959 quia
320 898 383 945 fratri
393 914 445 945 meo
455 899 533 951 vitam,
539 899 589 958 quis
595 898 687 947 fratrem
698 899 755 946 anibi

91 962 182 1009 reddit?
199 979 272 1025 quem,
284 965 377 1011 missum
388 964 417 1009 ad
427 979 468 1009 vos
479 979 493 1009 a
504 963 642 1010 Germanico
651 964 755 1011 exercitu

91 1027 119 1074 de
133 1030 288 1075 communibus
301 1029 430 1083 commodis,
447 1035 515 1074 noote
527 1027 631 1089 proximi
638 1028 756 1090 jugulavit

91 1108 132 1154 per
142 1093 276 1154 gladiatores
289 1110 350 1150 suos,
366 1109 424 1154 quos
439 1094 463 1139 in
473 1094 567 1140 exitium
579 1093 676 1139 militum
688 1093 755 1141 babet

91 1165 159 1218 atque
166 1166 244 1206 armat.
261 1158 389 1222 Responde,
395 1157 477 1213 Blaese,
484 1159 521 1204 ubi
528 1158 624 1204 cadaver
631 1158 754 1221 abJaceris?

49 1244 51 1249 ·
92 1221 131 1269 Ne
143 1225 217 1270 hostes
226 1225 315 1285 quidem
326 1222 439 1285 sepulturi
449 1224 558 1269 invident.
591 1221 650 1271 Cum
662 1223 753 1279 osculis,

91 1303 143 1335 cum
155 1289 259 1350 lacrymis
270 1289 369 1335 dolorem
380 1303 455 1334 meum
471 1288 599 1348 implevero,
617 1303 655 1334 me
665 1303 755 1349 quoque

91 1353 196 1400 trucidari
210 1355 277 1416 jube;
295 1354 347 1400 dum
364 1353 500 1407 interfectos,
521 1352 607 1399 nullum
626 1354 655 1400 ob
673 1353 754 1408 scelus,

92 1419 131 1465 sed
148 1419 201 1478 quia
216 1419 305 1465 utilitati
321 1419 436 1480 legionum
452 1418 629 1474 consulebamus,
649 1418 671 1464 hi
689 1432 754 1481 sepe-

91 1482 171 1531 liant’'

126 1545 226 1594 XXIII.
243 1546 379 1595 Incendebat
389 1549 438 1595 haec
449 1547 511 1601 fletu,
528 1555 552 1594 et
561 1554 640 1609 peetus
651 1556 718 1609 atque
729 1565 755 1595 os

92 1615 194 1659 mullibus
204 1614 336 1659 verberans:
356 1628 410 1660 mox
425 1613 528 1676 disjectis,
545 1628 641 1673 quorum
656 1628 697 1673 per
713 1614 755 1660 hu·

93 1694 167 1724 meros
183 1679 338 1733 sustinebatur,
354 1694 454 1740 praeceps
471 1685 493 1723 et
510 1677 649 1740 singulorum
662 1679 756 1738 pedIbua

92 1743 218 1798 advolutus,
235 1750 323 1789 tanturn
336 1743 523 1790 consternationis
533 1742 668 1802 invidiaeque
678 1744 756 1790 conci·

92 1810 131 1861 vit,
145 1817 174 1854 ut
185 1823 236 1868 pars
246 1808 342 1854 militum
353 1809 494 1870 gladiatores,
509 1808 547 1868 qui
558 1823 572 1853 e
582 1808 674 1853 servitio
685 1807 757 1855 Bltcsi

93 1881 162 1926 erant,
179 1888 230 1934 pars
241 1882 345 1918 cteteram
357 1874 455 1935 ejusdem
465 1873 573 1919 familiam
584 1873 702 1928 vincirent,
718 1873 756 1921 alii

92 1940 120 1985 ad
129 1938 274 1998 quarendum
285 1953 366 2000 corpus
376 1937 555 1984 effirndererrtur:
574 1952 606 1990 ac,
613 1938 644 1983 ·ni
653 1953 755 2001 propere,

93 2018 166 2063 neque
173 2018 257 2064 corpus
268 2003 338 2049 ullum
349 2004 446 2064 reperiri,
458 2011 482 2048 et
493 2017 577 2055 servos,
588 2001 692 2049 adhibius
703 2019 756 2050 cru·

91 2069 191 2122 ciatibus,
211 2069 417 2122 abnuere'caedern‚
434 2083 507 2128 neque
522 2067 553 2112 illi
568 2066 640 2113 fuisse
656 2082 755 2128 unquam

91 2133 190 2188 fratrem,
207 2133 362 2194 pernotuisset,
379 2133 437 2179 haud
452 2133 546 2178 multuru
562 2133 591 2178 ab
606 2133 676 2179 exitio
686 2133 756 2195 legati

92 2199 190 2245 aberant.
222 2197 335 2245 Tribunos
354 2208 428 2246 tamen
444 2213 469 2243 ac
483 2197 615 2258 praelectum
631 2206 757 2245 castrorum

93 2261 222 2310 extrusdre:
242 2264 335 2309 sareinae
346 2263 480 2323 fugientium
492 2264 598 2324 direptae:
618 2272 642 2308 et
653 2265 758 2310 centurio

94 2327 204 2374 Lucillius
212 2327 349 2382 interficitur,
360 2329 403 2381 cui,
415 2329 546 2374 militaribus
553 2327 646 2381 facetiis,
658 2329 756 2375 vocabu·

92 2393 140 2439 lum
160 2395 219 2440 Cedo
236 2394 334 2440 alteram
352 2393 491 2449 indiderant;
508 2395 566 2452 quia,
583 2392 655 2439 fracti
669 2393 716 2439 vite
733 2396 758 2457 in

92 2467 157 2520 tergo
168 2458 252 2511 militis,
264 2458 355 2504 alteram
367 2456 426 2502 clari
435 2472 495 2505 voce
502 2473 528 2504 ac
540 2473 616 2504 rursus
626 2457 692 2504 aliam
703 2475 756 2520 pos·

92 2524 163 2569 cebat.
197 2519 300 2570 Ceteros
314 2523 406 2569 latebrae
423 2521 514 2578 texere3
531 2538 577 2568 uno
595 2530 682 2568 retento
701 2522 756 2571 Cle·

77 2595 159 2634 mente
168 2587 240 2643 Julio,
256 2590 296 2653 qul
307 2588 452 2652 perferendis
462 2589 564 2635 rnilitum
572 2586 769 2632 mandaturum»,-

63 2651 136 2700 betur
149 2654 261 2717 idoneus,
283 2659 314 2710 ob
332 2664 459 2726 promtum
474 2653 612 2718 tugenum.
642 2648 785 2706 Quina*
