1680 2910
72 126 126 171 J.c.
138 128 173 203 111.¹
223 120 418 171 ANNALIUM
434 118 515 169 Luci.
532 120 639 170 Oanll.
706 126 736 170 2³

73 253 165 301 melias:
181 253 270 300 cedem
281 260 376 315 parant;
394 251 480 300 Planco
491 253 594 309 maxime,
606 269 672 314 quem
684 253 736 315 dig·

73 319 133 365 nitas
142 317 200 380 ,lugd
209 318 370 380 impediverat:
390 333 462 380 nsque
470 318 530 365 eliud
539 319 673 380 periclitanti
685 319 738 365 sub·

72 383 162 437 sidium,
179 397 247 443 quam
262 390 336 430 castra
351 383 431 445 primae
448 383 556 445 legionis:
576 384 621 430 illic
637 385 703 446 signa
714 390 738 430 et

71 448 171 508 aquilum
190 448 313 509 amplexus.
333 449 442 511 religione
459 463 509 495 sese
525 449 648 495 tutabatur:
668 464 701 503 ac,
713 449 737 494 ni

71 512 176 573 aquilifer
183 510 321 575 Calpurnius
330 514 377 561 vim
389 521 512 560 extremam
523 514 638 567 arcuisset,
651 514 737 576 (rarum

72 578 142 624 mam
152 579 212 625 inter
222 576 309 638 hostes)
322 579 411 640 legatus
420 579 497 640 populi
507 577 612 632 Romani,
625 577 737 625 Romanis

71 643 97 689 in
107 642 195 698 castris,
211 644 322 704 sunguine
332 658 374 690 suo
383 643 462 691 altaria
472 643 538 689 dedus
550 643 737 690 commaculatis-

72 713 114 754 set.
146 705 212 755 Luce
228 709 326 762 demum,
342 714 460 769 postquam
474 708 519 754 dux
536 714 559 754 et
570 709 634 754 miles
645 708 738 754 etfacta

72 773 229 828 noscebantur,
240 773 357 834 ingressus
364 780 437 819 castra
448 772 597 819 Germanicus
607 773 697 835 perduci
709 772 738 818 sd

72 851 101 883 ae
116 834 227 887 Plancum
242 838 341 899 imperat,
361 838 483 899 recipitque
500 838 524 884 in
542 838 644 884 tribunal
675 835 737 884 Tum

71 899 164 953 saulem
174 902 291 964 increpans
302 903 392 957 rabiem.
408 917 480 963 neque
496 903 599 957 militum,
617 902 657 948 sed
668 902 735 948 dedm

70 964 107 1013 ira
117 981 241 1028 resurgere,
249 982 290 1013 cur
301 968 404 1013 venerint
410 967 486 1029 legati,
498 968 578 1029 aperit:
594 969 632 1030 Jus
640 967 735 1028 legatio·

71 1033 115 1085 nis.
127 1038 195 1091 atque
202 1032 271 1093 ipsius
280 1031 358 1078 Planci
365 1047 458 1094 gravem
469 1039 493 1078 et
503 1031 639 1078 immeritum
651 1046 735 1087 casum,

71 1095 263 1157 eimukquantum
274 1097 388 1144 dedecoris
398 1097 476 1143 adierit
483 1097 551 1157 legio,
560 1096 655 1142 facunde
666 1098 734 1143 mise·

71 1168 148 1217 ratur;
165 1160 307 1221 attonitdque
317 1163 396 1223 magis,
412 1177 479 1222 quum
490 1158 566 1221 quieti
573 1161 688 1216 concione,
701 1161 733 1208 le-

71 1233 146 1288 gatos,
154 1226 263 1287 praesidio.
269 1226 408 1273 auxiliarium
420 1227 527 1287 equitum,
539 1225 637 1271 dimittit.

75 1328 80 1339 .
105 1289 161 1339 XL.
178 1290 216 1338 Eo
233 1291 257 1337 iu
276 1299 338 1338 metu
355 1307 450 1354 urguere
472 1290 632 1338 Germanicum
649 1305 735 1346 omnes,

70 1356 132 1417 quod
143 1370 189 1402 non
206 1357 380 1418 adsupulorem
391 1357 513 1409 exercitum
524 1364 634 1418 pergeret,
646 1356 682 1401 ubi
695 1355 735 1401 ob·

71 1421 157 1481 eequis,
169 1428 193 1466 et
210 1428 289 1470 contra
303 1422 395 1469 rebelles
406 1421 528 1468 auxilium„
553 1421 612 1467 Satis
624 1435 735 1482 superque

71 1486 181 1532 missione
192 1492 216 1531 et
225 1484 320 1548 pecuniis
330 1494 353 1533 et
369 1487 472 1533 mollibus
483 1485 591 1532 consultis
601 1492 732 1547 peccatum:

69 1550 114 1604 vel,
126 1551 145 1596 si
157 1550 208 1597 vilis
218 1551 260 1612 ipsi
269 1553 335 1606 salus,
346 1567 387 1598 cur
396 1551 466 1597 filium
474 1551 599 1612 parvulum,
608 1566 648 1596 cur
658 1551 735 1611 graui-

73 1615 125 1662 dam
136 1616 263 1678 conjugem,
274 1617 334 1663 inter
342 1615 449 1670 furentes,
460 1623 484 1661 et
494 1616 568 1662 omnis
578 1616 669 1662 humani
676 1615 735 1676 juris

71 1679 201 1735 violatores,
217 1681 323 1728 haberet?
339 1680 390 1727 illos
406 1682 485 1728 saltem
504 1695 547 1727 avo
566 1687 589 1726 et
608 1680 735 1741 reipublicae

71 1745 181 1794 redderet
219 1744 269 1792 Diu
290 1752 414 1800 cunctatus,
436 1745 606 1806 adspernantem
632 1759 733 1800 uxorem,

68 1825 121 1859 cum
130 1824 155 1856 se
162 1810 214 1856 dlvo
219 1810 325 1872 Augusto
330 1819 409 1865 ortam,
417 1825 490 1870 neque
498 1810 632 1871 degenerem
640 1809 667 1855 ed
673 1810 733 1872 peri·

68 1875 120 1922 cula
134 1882 260 1929 testaretur,
271 1882 385 1936 postremo
397 1883 484 1921 uterum
495 1877 544 1937 ejus
556 1882 579 1921 et
591 1888 734 1932 communem

69 1938 147 1993 filium,
159 1941 231 1986 multo
242 1955 293 1986 oum
304 1939 366 1995 fletu,
378 1940 516 2002 complexus,
530 1945 556 1986 ut
566 1939 642 1993 abiret,
653 1954 734 2001 perpu-

68 2004 102 2052 lit
136 2003 258 2052 Incedebat
273 2006 380 2052 muliebre
396 2012 419 2050 et
434 2005 560 2050 miserabile
575 2019 664 2066 agmen,
681 2019 734 2066 pro·

70 2068 127 2131 lugu
142 2070 206 2117 ducis
226 2085 289 2134 uxor,
306 2070 422 2132 parvulum
439 2071 489 2117 sinu
505 2068 574 2114 lilium
586 2082 681 2130 gerens:
700 2069 734 2115 la·

71 2142 200 2183 mentantes
216 2135 301 2181 circum
313 2137 443 2185 ,amicorum
462 2135 576 2196 conjuges,
595 2148 647 2194 quae
668 2133 736 2180 simul
806 2187 810 2192 ¹

71 2200 230 2247 trahebantur:
251 2215 292 2247 nec
303 2200 377 2247 minus
388 2201 469 2255 tristes,
481 2199 519 2261 qui
529 2199 655 2246 manebant.
725 2224 727 2229 .

73 2292 76 2297 ,
87 2276 89 2280 ’
103 2262 174 2313 XLI,
191 2264 246 2312 Non
257 2265 359 2313 florentis
367 2264 471 2321 Caesaris,
478 2278 551 2325 neque
559 2264 605 2310 suis
615 2264 639 2310 in
648 2263 734 2318 eastris,

71 2330 113 2377 sed
123 2329 187 2377 vebat
197 2331 221 2377 in
232 2331 287 2377 urbe
299 2329 365 2385 victb,
380 2330 455 2386 facies,
466 2330 609 2392 gemitusque
620 2343 646 2375 uc
657 2328 735 2390 planc-

69 2400 114 2450 lus,
126 2395 299 2442 etiammilitum
309 2411 375 2443 aures
386 2411 468 2456 oraque
478 2391 601 2441 advertere.
634 2392 736 2454 Progre-
831 2424 834 2428 μ

69 2460 163 2507 diuntru
178 2461 341 2509 contuberniis:
356 2461 416 2518 Quis
430 2461 472 2511 ille
481 2459 566 2509 ilelirlis
579 2457 669 2507 sonusl
689 2455 759 2516 quob

67 2532 114 2573 um
130 2524 212 2573 niem?
224 2526 326 2577 [eminas
341 2529 536 2581 illustres-non
553 2525 724 2578 centurionem
740 2514 787 2560 su,

58 2588 158 2648 mun
169 2605 218 2642 uon
231 2595 338 2658 merrtem,
359 2601 421 2652 uin
437 2597 612 2670 imperatoria
630 2585 731 2640 mons
744 2580 802 2622 ut*-
