1680 2910
67 160 89 198 J.
100 160 126 198 c.
136 163 170 198 ιι.
223 153 416 202 ANNALIUM
432 152 536 202 LmVI.
550 153 609 203 Car.
617 161 640 203 8.
692 163 736 207 19ss

57 340 59 345 ¹
69 293 186 335 contactu
219 287 264 334 Sed
276 286 394 334 Minucius
405 292 428 333 et
440 286 546 333 Servaeus
557 285 661 342 damnati,
678 288 736 335 indi·

71 352 136 399 cibus
147 350 268 400 accessere.
300 351 424 412 Tractique
440 358 493 398 sunt
508 351 531 397 in
543 365 619 398 casum
631 354 735 400 eumdem

70 416 149 465 Julius
161 416 294 495 Africanus,
310 433 324 464 e
336 415 448 471 Santonis,
461 413 550 463 Gallici
560 417 658 472 civitate,
671 418 737 482 Sejus

67 481 215 537 Quadratus.
235 483 346 545 originem
357 497 403 528 uon
414 482 492 543 reperi.
517 479 601 542 Neque
611 497 661 529 sum
670 484 735 546 igna-

69 547 737 625 rus,aplerisquescriptoribusomissamultorumpericula

69 619 94 659 et
104 626 191 674 poenas,
208 613 261 658 dnm
273 611 339 675 copis
348 611 460 666 fatiscunt,
477 619 521 666 aut,
539 614 655 674 quaeipsis
667 614 735 660 nimia

69 685 94 724 et
110 684 193 724 moesta
208 677 303 733 fueram,
321 692 352 725 ne
361 677 409 737 pari
425 677 492 722 taedio
503 677 601 723 lecturos
612 678 734 734 officerent,

67 749 184 789 serentur.
215 741 289 789 Nobis
299 742 404 804 pleraque
415 742 484 803 digna
500 743 594 802 cognitu
612 740 732 800 obvenere,

67 821 136 868 quam
152 821 209 853 uam
215 808 243 854 ab
252 807 302 854 aliis
310 807 450 854 incelebrata.

66 823 174 918 ..viil
191 870 253 918 Nam
264 870 439 934 eatempestate,
459 869 504 932 quai
521 871 595 933 Sejani
611 872 732 919 amicitiam

66 937 152 983 caeteri-
166 936 223 983 falso
242 944 356 992 exuerant,
378 951 445 984 ausus
467 943 501 982 est
518 951 587 997 eques
605 936 731 994 Romanus,

66 1001 107 1049 M.
115 1000 243 1056 Terentius,
256 1003 283 1048 ob
293 1003 317 1048 id
328 1017 385 1056 reus,
397 1002 508 1064 amplecti,
524 1002 622 1047 adhunc
638 1002 730 1048 modum

66 1067 126 1128 apud
135 1067 361 1113 senatumordiendo:
377 1074 391 1095 “
404 1065 512 1112 Fortunae
520 1066 608 1126 quidem
617 1081 675 1112 meae
682 1066 730 1113 for·

64 1138 127 1178 tasse
137 1132 212 1178 minus
223 1132 332 1194 expediat,
351 1131 489 1193 adgnoscere
503 1131 593 1184 crime'u,
612 1146 678 1190 quam
690 1133 729 1178 ab·

64 1211 149 1243 nuere:
161 1196 206 1253 sed,
216 1203 336 1257 utcumque
344 1211 422 1243 casura
429 1211 464 1242 res
475 1202 516 1251 est,
522 1195 614 1250 fatebor,
626 1204 649 1242 et
659 1196 729 1243 fuisse

63 1276 103 1309 me
115 1262 196 1324 Sejano
207 1262 310 1316 amicum,
325 1268 355 1316 et,
367 1269 392 1307 ut
403 1275 482 1314 essem,
494 1258 612 1322 expetisse,
624 1267 653 1315 et,
664 1269 728 1322 post-

63 1341 133 1403 quam
142 1327 234 1388 adeptus
242 1341 309 1382 eram,
318 1326 427 1373 laetatum.
453 1325 560 1371 Videram
569 1325 678 1386 collegam
687 1341 728 1388 pa·

62 1392 105 1438 tris
116 1392 221 1468 regendis
229 1391 339 1452 praetoriis
351 1391 490 1447 cohortibus,
507 1405 562 1436 mox
571 1388 640 1437 Urbis
650 1396 673 1436 et
684 1391 728 1438 mi·
786 1404 787 1409 ¹

62 1456 119 1502 litiae
141 1457 217 1503 munia
239 1456 306 1502 simul
325 1457 454 1503 obeuntem:
482 1425 543 1502 illius
564 1450 681 1516 propinqui
704 1463 727 1503 et

62 1521 142 1567 affines
153 1521 273 1568 honoribus
284 1522 434 1598 augebantur.
454 1527 480 1566 ut
490 1521 583 1580 quisque
595 1520 695 1583 Sejano'
689 1536 724 1568 m·

61 1586 140 1639 timus,
151 1587 183 1632 ita
193 1586 221 1632 ud
230 1583 327 1633 Caesaris
335 1587 455 1633 amicitiam
463 1586 563 1632 validus:
579 1593 662 1639 contra,
675 1586 725 1646 qui·
761 1591 765 1598 '

60 1651 104 1696 bus
115 1650 216 1697 infensus
227 1658 292 1704 esset,
304 1660 365 1698 metu
376 1666 402 1697 ac
414 1651 514 1697 sordibus
525 1649 725 1710 conflictabantur;

60 1730 104 1762 nec
116 1730 250 1776 quemquam
261 1717 364 1778 exemplo
375 1730 475 1762 assumo:
490 1722 589 1768 cunctos,
598 1715 636 1775 qui
648 1716 725 1763 noris·

60 1781 112 1828 simi
124 1781 210 1826 consilii
220 1789 323 1842 expertes
337 1781 427 1834 suimus,
445 1795 496 1826 meo
516 1780 581 1826 unius
597 1780 726 1828 discrimine

58 1844 186 1892 defendam.
218 1844 273 1892 Non
290 1846 349 1892 enim
367 1845 472 1907 sejanum
492 1844 667 1899 Vulsiniensem,
685 1847 725 1893 sed

59 1908 164 1958 Claudiae
175 1917 198 1956 et
205 1909 274 1957 Juliae
285 1910 365 1956 domds
375 1916 532 1972 partemquas
539 1910 647 1956 affinitate
656 1926 724 1957 occu-

58 1982 159 2036 paverat,
177 1981 248 2028 tuum,
268 1973 354 2029 Caesar,
372 1990 488 2036 generum,
502 1976 534 2021 tui
546 1974 674 2021 consulatus
686 1991 723 2022 so·

57 2040 126 2095 cium,
145 2046 184 2086 tua
195 2040 267 2086 officia
278 2041 301 2085 in
313 2040 396 2102 republ
413 2048 574 2101 capessentem,
589 2039 725 2087 colebamus.

56 2103 115 2151 Non
126 2111 160 2151 est
171 2111 280 2158 nostrum,
293 2107 410 2160 aestimare,
428 2119 494 2165 quem
506 2119 573 2166 supra
583 2111 683 2160 caeteros,
701 2112 724 2152 et

57 2170 139 2230 quibus
150 2169 177 2215 de
189 2170 261 2216 causis
272 2170 374 2216 extollas.
407 2168 459 2215 'libi
471 2184 582 2216 summum
600 2183 674 2215 rerum
682 2171 721 2232 ju·

56 2235 140 2280 dicium
152 2232 193 2280 Dii
199 2232 300 2281 dedere:
320 2236 384 2282 nobis
395 2235 493 2296 obsequii
508 2234 581 2296 gloria
592 2234 669 2280 relicta
680 2240 722 2281 est.

56 2299 190 2360 spectamus
206 2315 280 2361 porro,
302 2315 355 2360 quae
372 2314 447 2347 coram
465 2301 580 2353 habentur,
601 2299 680 2345 culex
698 2306 722 2345 te

54 2380 116 2426 opes,
128 2365 232 2418 honores,
244 2365 293 2425 quis
302 2365 494 2427 plurimajuvandi
505 2365 629 2411 nocendive
640 2371 720 2425 poten·
759 2366 760 2371 ’

53 2429 99 2475 tia:
119 2444 171 2505 quae
191 2429 272 2491 sejano
294 2429 370 2483 fuisse,
393 2444 460 2476 nemo
482 2431 611 2492 negaverit·
634 2429 720 2475 abditos

53 2494 161 2555 principis
173 2509 259 2548 sensus,
268 2501 291 2540 et
302 2510 321 2540 ιι
315 2495 385 2554 'quid
396 2494 506 2540 occultius
516 2500 585 2556 parat,
595 2496 720 2553 exquirere,

51 2558 164 2612 illicitum,
183 2574 280 2619 anceps
300 2574 342 2605 nec
360 2560 411 2606 ideo
429 2574 559 2621 assequare.
588 2558 640 2612 ue,
649 2557 685 2602 *ὲ
693 2556 730 2601 Q..

48 2623 153 2670 ulsinum
173 2625 250 2686 Sejaai
270 2625 337 2684 diem,
362 2626 404 2676 sed
424 2627 528 2677 sedecim
545 2639 630 2674 armos
652 2620 747 2680 spesve·

70 2698 122 2729 VOL.
133 2699 150 2730 1
530 2709 547 2742 S
