1680 2910
58 128 79 167 J.
88 129 113 167 C.
124 133 157 176 39·
216 127 269 175 Lm.
276 127 349 178 VIII.
361 129 559 177 ANNALIUM.
674 137 718 178 241

62 259 124 320 pulo,
142 264 167 303 ut
178 258 281 314 diximus,
300 260 393 319 reddita,
410 261 438 308 ad
449 268 552 308 senatum
565 276 643 308 rursus
653 268 727 309 trans·

61 323 109 370 lata
125 330 186 370 sunt.
216 323 343 372 Turbamm
361 340 450 387 quoque
473 328 497 372 in
509 325 591 373 Africi
600 326 726 381 formidine,

61 388 178 450 provincia
191 389 215 435 in
232 389 287 436 duas
304 395 379 450 partes
395 391 477 438 divisa:
498 390 577 439 Africa
590 391 726 454 proconsuli,

60 454 175 500 exercitus
185 460 209 500 et
219 453 327 500 Numidia
337 454 413 516 legato
424 455 512 503 tradita.

96 514 173 580 [Dum
191 519 381 566 criminationibus
395 521 584 568 mutationibusve
593 521 625 568 ita
635 520 726 567 ludebat

62 583 174 645 princeps,
182 584 265 647 esteris
276 584 360 647 opibus,
371 585 498 646 nullasjam
510 592 642 648 suppetente
653 583 727 640 ltalia,

61 648 189 695 increscere
196 649 287 702 avidior,
299 648 327 695 ad
339 649 425 696 Gallias
436 648 615 712 Hispaniamque
626 651 725 697 animum

61 713 181 768 conuertit,
190 714 270 760 itinere
278 713 420 761 Germanicae
428 715 575 776 expeditionis
583 716 675 763 obtentu
683 730 724 762 ve·

61 777 117 824 lato.
150 777 326 834 Tumultuan‘us,
343 779 382 826 sed
397 780 527 833 immensus,
543 778 586 826 fuit
595 780 647 827 belli
658 794 725 843 appa·

62 850 132 890 ratus.
155 842 247 890 Excitae
256 843 364 905 legiones,
375 852 469 891 evocata
479 845 576 905 undique
587 845 675 898 auxilia,
685 845 723 892 de·

61 909 134 956 lectus
142 909 281 955 acerbissime
289 909 339 969 acti,
347 916 475 956 contractus
483 910 556 956 omnis
562 910 653 971 generis
661 924 724 957 com·

64 981 159 1028 meatus,
177 988 296 1021 numerosa
310 989 399 1034 quoque
413 975 561 1030 histrionum„
586 973 725 1030 ladiatorum,

61 1039 188 1094 mulierum,
204 1039 341 1097 aliorumque
355 1039 378 1085 id
391 1039 458 1085 luxus
469 1040 540 1086 turba.
569 990 625 1100 lpse
635 1039 677 1086 iter
688 1040 724 1086 in·

62 1118 162 1165 gressus,
178 1103 234 1149 nihil
247 1104 333 1149 militiae
348 1104 453 1158 retinens,
468 1104 535 1151 modo
545 1104 591 1150 ibat
602 1111 648 1150 tarn
659 1103 722 1152 festi-

62 1175 143 1214 nanter
153 1173 177 1214 et
187 1168 268 1230 rapide,
280 1175 305 1214 ut
315 1169 427 1228 praetoriae
437 1169 541 1215 cohortes
551 1175 630 1215 contra
639 1184 726 1216 morem

64 1231 130 1294 signa
139 1233 249 1294 jumentis
265 1233 386 1292 imponere,
404 1239 426 1279 et
441 1233 522 1279 cursim
538 1234 643 1294 subsequi
657 1233 725 1294 coge·

64 1304 155 1343 rentur:
174 1297 286 1343 interdum
297 1297 352 1344 aden
364 1297 463 1359 segniter
475 1305 498 1344 et
509 1298 608 1351 ddicate,
626 1305 651 1343 ut
662 1307 725 1345 octo·

63 1363 136 1423 phoro
144 1362 268 1415 veheretur,
280 1369 346 1422 atque
357 1376 370 1408 a
380 1360 553 1423 propinquarum
564 1363 651 1409 urbium
662 1363 726 1424 plebe

61 1426 122 1473 verri
141 1426 181 1472 sibi
196 1427 250 1482 vias,
267 1432 291 1472 et
308 1427 426 1490 conspergi
441 1435 531 1490 propter
545 1427 660 1490 pulverem
675 1429 724 1475 exi·

81 1498 135 1539 eret.
379 1530 382 1535 .
716 1515 721 1525 =

63 1507 80 1554 g
96 1553 147 1620 [Ad
160 1557 250 1613 bellum,
267 1565 292 1605 ut
307 1559 335 1605 ad
348 1559 432 1614 ludum,
448 1557 568 1621 profectus,
585 1557 647 1605 recti
660 1557 726 1619 petiit

62 1621 209 1669 Germaniam
221 1625 364 1684 superiorem,
381 1624 425 1680 cui,
437 1624 488 1670 loco
499 1623 592 1669 Lentuli
608 1623 725 1682 Gaetulici,

63 1685 168 1733 Servium
181 1687 285 1753 Galbam⁸
295 1689 400 1748 obsequio
412 1695 457 1734 tam
468 1689 594 1750 egregium,
606 1688 724 1749 quamdo·

60 1751 179 1798 minationi
188 1752 266 1813 postea
273 1753 387 1815 imparem,
398 1752 536 1814 praefecerat.
561 1752 682 1800 Adventus
690 1752 725 1800 sui

60 1815 163 1864 laetitiam
174 1817 332 1879 intempestivi
342 1818 468 1873 severitate,
485 1817 565 1864 deinde
579 1819 677 1880 turpiore
687 1819 724 1879 ig·

61 1880 130 1928 narii
141 1883 247 1943 corrupit.
278 1881 477 1930 Vixenimcssua
487 1882 568 1944 attigit,
586 1883 660 1930 statim
672 1898 724 1928 cum

60 1943 186 2008 ignominiis
196 1948 306 1993 dimittere
314 1947 407 2008 legatos,
417 1948 454 2008 qui
466 1946 549 1994 auxilia
560 1948 630 1993 serius
638 1947 724 1993 addux-

61 2018 140 2057 erant:
160 2011 191 2058 ita
205 2026 322 2058 recensere
338 2013 469 2065 exercitum,
488 2018 513 2058 ut
523 2011 634 2073 plerisque
644 2018 724 2058 centu-

60 2076 150 2122 rionum
160 2077 260 2132 maturis,
272 2083 296 2124 et
306 2077 419 2123 nonnullis
431 2077 643 2143 antepaucissimos,
656 2091 723 2137 quam

60 2141 237 2187 consummaturi
257 2148 338 2197 essent,
360 2142 414 2196 dies,
431 2141 515 2202 primos
533 2140 590 2202 pilos
609 2141 724 2195 adimeret,

59 2206 147 2252 senium
159 2207 267 2268 quusque
278 2213 301 2253 et
311 2207 484 2252 imbecillitatem
493 2212 610 2253 causatusz
629 2213 724 2252 caetero·

59 2284 111 2316 rum
124 2270 232 2332 increpita
246 2271 373 2333 cupiditate,
391 2271 509 2317 commoda
522 2270 623 2317 emeritae
636 2270 724 2318 militiae

60 2335 88 2381 ad
100 2349 140 2380 sex
151 2335 245 2381 millium
257 2336 309 2382 HS.
320 2338 431 2382 summam
442 2336 547 2382 recidere.

93 2396 166 2460 [Mox
173 2402 265 2462 trajecto
271 2402 330 2463 apud
337 2400 511 2463 Mogontiacum
517 2400 607 2456 Rheno,
617 2401 724 2459 adversus

60 2463 149 2511 Suevos
166 2465 329 2512 minacissimus
346 2466 468 2513 contendit.
500 2465 534 2512 At
547 2481 599 2511 cum
614 2466 672 2511 inter
683 2481 723 2512 an·

58 2529 146 2591 gustias
165 2529 303 2591 densumque
322 2545 404 2593 agmen
422 2531 465 2577 iter
487 2531 566 2578 essedo
586 2529 679 2583 faceret,
701 2537 729 2574 et

58 2594 176 2652 quemdam
194 2595 319 2644 dictantem
335 2593 446 2654 audisset,
461 2611 514 2644 uon
529 2595 679 2642 mediocrem
690 2589 750 2657 tare.

50 2660 269 2725 consternationem,
287 2665 390 2718 sicunde
403 2664 484 2718 bustis
494 2665 620 2729 appatuit
634 2645 772 2716 eamus&

77 2736 128 2772 von.
141 2741 159 2774 r.
543 2740 563 2773 *r
812 2740 820 2815 p
