1680 2910
178 111 217 176 C.
234 106 459 175 CORNELII
481 105 637 174 TACITI

381 314 420 352 An

23 346 38 371 ,t

26 384 31 409 i

22 418 42 581 L
90 473 313 534 EXCESSU
350 473 459 532 DIVI
498 468 721 531 AUGUSTI

143 651 669 738 ANNALIUM

275 862 381 912 LIBER
398 861 536 911 PRIMUS.

107 1139 128 1187 Ι.
140 1141 232 1189 Uunun
243 1139 340 1187 Rumam
352 1154 365 1186 a
375 1140 482 1201 principio
494 1155 559 1200 reges
567 1137 669 1203 lebuine.
691 1139 733 1188 Li·

73 1209 181 1254 bertatem
196 1213 219 1252 et
235 1207 373 1251 consulatum
386 1204 414 1250 L.
422 1204 507 1250 Brutus
518 1204 620 1251 instituit.
652 1203 733 1252 Dictu-

74 1280 132 1319 turae
144 1272 172 1318 ad
180 1279 267 1332 ternpus
279 1271 431 1315 sumebantur:
452 1284 525 1329 neque
532 1269 684 1316 decemtn'ralis
692 1284 733 1331 po·

74 1344 143 1385 testas
153 1336 209 1382 ultra
217 1335 336 1388 biennium,
346 1349 418 1395 neque
424 1335 563 1380 tribunorum
573 1334 669 1379 militum
677 1350 732 1381 eon·

74 1403 192 1463 sularejus
204 1400 241 1445 diu
253 1400 328 1446 valuit.
360 1397 414 1444 Non
427 1396 515 1452 Cinnae,
528 1413 573 1444 non
586 1397 654 1446 Sullae
665 1398 734 1462 longa

74 1466 210 1520 dominati03
231 1473 252 1510 et
272 1463 371 1524 Pompeii
392 1461 513 1524 Crassique
528 1465 627 1525 putentia
646 1464 691 1510 rito
709 1470 733 1511 in

74 1530 196 1583 Caesarem,
215 1527 293 1591 Lepidi
308 1536 375 1588 atque
387 1527 480 1574 Antonii
494 1543 555 1574 arma
567 1529 590 1574 in
604 1528 733 1589 Augustum

73 1593 176 1649 cessdre3
200 1596 237 1656 qui
254 1601 340 1647 cuneta,
360 1593 474 1639 discordiis
489 1592 590 1638 civilibus
606 1592 671 1647 sessu,
691 1609 733 1640 uo-

73 1661 135 1706 mine
147 1660 267 1720 Principis
278 1659 318 1704 sub
334 1659 450 1718 imperium
465 1657 557 1718 accepit.
591 1657 635 1704 Sed
652 1659 734 1705 veteris

72 1725 149 1786 populi
163 1724 231 1770 Rom.
243 1737 348 1785 prospera
362 1722 399 1767 vel
409 1722 501 1769 adversa
516 1722 580 1767 curis
590 1723 734 1782 scriptoribus

72 1796 267 1843 memoratasunt3
285 1788 464 1849 temporibusque
472 1787 571 1846 Augusti
582 1786 734 1835 ‹licendisnun

72 1852 164 1900 deluere
181 1853 260 1900 deeora
278 1853 377 1910 ingenia,
395 1853 465 1898 donec
483 1851 593 1911 gliscente
608 1851 735 1899 adulatione

72 1919 244 1965 deterrerentur.
275 1915 359 1963 'liberii
368 1914 463 1976 Ceiique
473 1924 496 1962 et
505 1913 593 1963 Claudii
600 1930 627 1962 ac
637 1915 736 1964 Neronis

73 1999 115 2035 res,
127 1982 258 2029 florentibus
268 1982 330 2044 ipsis,
342 1983 370 2027 ob
381 1991 466 2027 metum
476 1979 551 2035 fulsae;
566 1988 682 2042 postquam
695 1997 734 2028 on·

72 2048 179 2100 ciderunt.
203 2047 327 2093 recentibus
349 2046 404 2092 odiis
426 2045 556 2106 compositae
577 2053 636 2091 sunt.
666 2043 737 2096 ,Inde

73 2112 190 2159 consilium
200 2112 260 2164 mihi,
272 2127 343 2172 pauca
351 2112 379 2157 de
387 2111 493 2172 Augusto
502 2118 525 2155 et
532 2117 633 2156 extrema
641 2111 735 2166 tradere,

72 2192 126 2223 mox
135 2176 219 2222 Tiberii
226 2177 379 2238 principatum,
387 2182 411 2222 et
418 2182 516 2232 caetem
529 2173 752 2222 §lueidmxudxm

70 2258 165 2305 quorum
177 2258 257 2292 causus
267 2243 349 2309 procul
357 2243 443 2291 nuum.
733 2288 741 2299 ,

97 2307 132 2357 Π.
152 2310 294 2378 Postquam,
314 2312 397 2362 Bruto
408 2321 437 2361 et
448 2305 540 2358 (ludiim
555 2299 639 2349 emin
652 2292 729 2339 ἰὼ·
737 2294 814 2379 Ψὲζ,

54 2375 152 2438 publica
162 2397 240 2445 arma,
253 2378 477 2452 Pompeiusauuu
484 2362 758 2479 Sufflgdlffim

86 2458 148 2498 VOL.
160 2464 179 2499 1.
