1680 2910
121 188 172 232 aro
205 174 643 235 ANNALIUM'LravLcsr-m.
677 186 789 235 unm

122 314 179 361 Non
190 315 250 360 enim
262 314 384 370 liberium,
395 330 529 377 quamquam
537 315 637 363 marnis
643 322 699 378 post
705 314 787 363 cmdm

124 380 205 440 sejani,
223 394 274 439 quae
288 387 383 427 caeteros
396 381 482 427 mollire
493 381 574 435 solent,
591 387 690 442 oempsrs,
705 387 790 443 Μ’

124 444 198 498 sabas,
210 445 350 507 mitigabant,
362 447 416 506 quin
426 446 518 500 incerta,
534 445 572 492 vd
582 445 681 502 abolita,
737 453 788 509 gn·

122 508 220 555 vissimis
235 516 259 556 et
276 510 401 556 recentibus
414 510 511 572 puniret.
542 509 581 558 Eo
591 517 656 557 metu
696 510 789 558 danus

122 570 186 625 Trio,
202 573 335 634 ingruentes
346 582 486 621 accusatores
497 575 557 621 baud
566 591 697 637 perpessus,
713 590 788 638 sapae

124 638 168 684 mis
178 638 260 685 tabulis
270 638 342 685 multa
352 646 375 685 et
385 642 468 686 atrocia
477 640 501 685 in
513 639 656 695 Macronem,
672 656 700 687 ac
711 639 787 702 ponci·

124 717 180 763 puos
188 703 318 750 libertorum
328 702 432 759 Caesaris,
440 705 574 766 composuit,
579 705 623 767 ipsi
630 704 720 752 fluxam
728 704 788 752 senio

122 774 230 822 mentem,
247 776 271 814 et
285 769 392 815 continuo
407 770 510 816 abscessu
525 769 588 816 velut
597 769 705 817 exsilium
717 770 787 832 objec-

125 832 200 879 tando.
235 832 301 889 Quas,
316 835 344 879 ab
354 834 478 880 haeredibus
489 834 608 889 occultata,
620 835 712 881 recitari
722 832 789 881 ‘Ilbe-

125 898 260 959 riusjussit:
279 899 409 959 patientiam
420 898 528 945 libertatis
537 899 617 945 alienae
630 906 755 953 ostentans,
768 904 791 945 et

124 969 252 1008 contemtor
263 978 310 1009 suae
322 962 426 1017 infamiae,
444 979 473 1009 an
488 963 598 1010 scelerum
610 964 688 1027 Sejsni
700 965 738 1011 diu
749 978 788 1009 nc·

125 1027 192 1080 scius,
204 1042 258 1073 mox
269 1043 358 1088 quoquo
369 1029 437 1074 modo
447 1028 507 1075 dicta
518 1029 606 1089 vulgari
616 1029 722 1083 malebat,
733 1029 788 1075 ceri·

125 1091 228 1152 latisque,
240 1093 276 1139 cui
287 1093 385 1140 adulatio
396 1093 471 1147 officit,
482 1109 522 1154 per
532 1094 612 1154 probra
617 1094 700 1140 saltem
708 1107 790 1156 gnarus

124 1155 183 1202 fieri.
216 1155 298 1203 Iisdem
310 1157 387 1204 diebus
399 1158 499 1206 Granius
511 1157 646 1210 Martianus,
663 1165 790 1213 seauton·

125 1219 154 1269 0.
164 1222 269 1268 Graccho
280 1223 402 1286 maiestatis
411 1223 543 1284 postulatus,
560 1224 606 1268 vim
622 1223 679 1269 vitse
692 1238 740 1270 suae
755 1229 789 1269 at·

126 1286 194 1333 tulits
213 1284 337 1348 Tatiusque
358 1288 487 1339 Gratianus,
506 1286 605 1349 praeturd
621 1286 723 1342 functus,
739 1287 790 1350 lega

125 1350 204 1398 ebdem
216 1358 341 1398 extremum
353 1353 381 1398 ad
391 1353 522 1414 supplicium
534 1353 659 1399 damnatus.
673 1382 677 1387 -

159 1414 285 1462 XXXIX.
302 1416 354 1462 Nec
365 1417 463 1478 dispares
471 1416 605 1463 Trebellieni
616 1415 672 1463 Rufi
683 1424 707 1463 et
719 1416 790 1463 Sextii

127 1479 250 1527 Paconiani
262 1481 350 1527 exitus:
370 1497 422 1527 narn
433 1480 587 1528 Trebellienus
599 1481 641 1528 sub
651 1497 721 1527 manu
732 1481 789 1527 oeci·

125 1546 172 1603 dit;
191 1544 334 1592 Paconianus
345 1547 368 1592 in
380 1561 475 1600 carcere,
487 1548 515 1592 ob
526 1547 625 1593 carmina
635 1547 682 1592 illic
693 1548 717 1592 in
728 1547 790 1608 pn'n·

125 1612 196 1671 cipem
208 1610 304 1664 facitote,
316 1611 469 1672 strangulatus
480 1619 521 1658 est.
555 1610 615 1656 Haec
626 1609 733 1657 Tiberius
744 1625 789 1656 non

124 1676 187 1728 mari,
205 1682 230 1720 ut
240 1675 301 1728 olim,
316 1676 407 1730 divisus,
420 1691 491 1736 neque
501 1691 541 1736 per
552 1676 688 1737 longinquos
700 1675 791 1721 nuntios

126 1739 254 1799 accipiebat,
264 1740 303 1785 sed
313 1739 399 1787 Urbem
401 1742 470 1803 juxta
475 1757 483 1797 ς
501 1741 579 1787 eodem
588 1750 614 1786 ut
622 1741 665 1793 die,
674 1740 711 1785 vel
720 1740 792 1787 noctis

126 1804 251 1865 interjectu,
267 1804 338 1850 literis
350 1805 468 1851 consulum
480 1805 623 1860 rescriberem
641 1806 706 1865 quasi
717 1804 790 1866 adspi-

125 1869 187 1914 ciens
202 1868 323 1916 undantem
341 1885 380 1930 per
399 1870 478 1916 domos
497 1870 635 1930 sanguinem,
654 1878 790 1916 autmarus

125 1932 261 1980 carnificum.
295 1933 352 1981 Fine
369 1935 421 1981 anni
440 1933 552 1996 Poppaeus
569 1934 665 1980 Sabinus
681 1933 792 1981 concessit

124 1996 180 2053 vital,
203 1999 304 2045 modicus
323 1999 423 2060 originis,
445 2000 569 2061 principum
592 1998 690 2045 amicitia
708 2013 790 2045 consu·

125 2063 196 2109 latum
219 2078 245 2110 ac
268 2064 401 2125 triumphale
420 2064 488 2110 decus
510 2064 619 2125 adeptus;
643 2063 792 2124 maximisque

124 2129 245 2188 provinciis
260 2144 301 2189 per
318 2136 413 2188 quatuor
430 2134 454 2174 et
470 2129 551 2189 viginti
568 2143 639 2174 annos
655 2128 791 2190 impositum

127 2193 211 2239 nullam
223 2194 251 2238 ob
262 2194 451 2248 eximinmartem,
464 2194 503 2239 sed
514 2194 575 2253 quod
585 2207 625 2254 par
633 2194 739 2255 negotiis,
751 2207 792 2238 ne-

127 2271 172 2316 que
183 2272 250 2318 supra
260 2266 314 2304 erat.

127 2352 151 2399 U
163 2352 184 2402 c
200 2356 247 2400 789
320 2321 375 2370 XL.
393 2321 539 2378 Q.Plautius,
553 2320 719 2383 Sex.Papinius
727 2320 793 2370 Coss.

152 2385 159 2397 ⁸
185 2388 191 2399 “
204 2387 254 2464 36·
288 2395 417 2446 sequuntur.
434 2387 471 2433 Eo
483 2403 550 2444 anno,
563 2389 594 2417 *ὓ
607 2403 681 2446 neque
692 2388 753 2446 quod
764 2385 793 2431 L·

153 2451 159 2463 ’
187 2450 193 2463 ’
237 2452 243 2464 ’
288 2451 486 2499 Aruseiusmorte
502 2452 575 2498 affecti
589 2451 673 2508 forent,
690 2458 792 2498 assuetu-

126 2515 178 2562 dine
189 2515 306 2569 malorum,
316 2523 340 2562 ut
351 2526 424 2573 atrox,
437 2518 606 2573 advertebatur3
625 2517 663 2562 sed
675 2517 792 2572 exterruit,

122 2582 183 2644 quod
196 2580 324 2630 Vibulenus
337 2582 450 2644 Agrippa,
461 2582 670 2640 squammeus,
684 2597 737 2623 cum
742 2596 793 2649 per-

114 2648 228 2700 ordssenl
239 2657 401 2705 accusatores,
414 2649 443 2694 in
456 2645 510 2706 ipsiu
525 2642 591 2688 curta
603 2642 750 2709 depromam
761 2652 816 2704 sans}

100 2734 235 2777 ,venenum
246 2717 347 2779 bausit3
364 2713 543 2782 prolapsusque
552 2695 830 2750 “m“‘mm'lm'
