1680 2910
43 276 146 319 nou.
211 267 323 321 anax.
337 267 538 332 arsamum.
563 226 569 235 ⁸
667 276 716 323 aar

45 405 135 454 daciam
146 402 319 466 impellentibus.
352 399 381 451 (L
389 400 490 465 Appium
502 401 613 460 Silanum,
629 399 716 464 Hispa·

47 472 168 520 ntaereuo
240 464 551 517 iisartibusciroumvenbre.
582 467 717 531 Aprinoipe

45 536 140 592 accitus,
154 535 178 582 iu
290 534 400 591 redierat;
417 531 554 595 acceptique
564 534 590 579 in
599 534 716 581 matrimo-

46 602 111 650 nium
131 606 205 648 matre
222 598 363 654 Messalinae,
380 613 469 645 summa
487 607 535 645 erat
552 599 681 661 adepturus,
697 599 716 646 si

46 667 90 730 ipsi
102 667 177 712 minus
188 665 285 721 virtutis,
298 663 432 713 Messalinae
442 663 517 711 minus
524 663 715 711 libidinisfuisset.

47 731 83 781 At
104 746 161 787 eam,
183 745 214 777 ne
232 730 329 777 materni
347 729 436 790 quidem
455 729 547 776 thalami
566 736 715 788 reverentem,
741 784 745 793 Ι

47 804 172 853 aversatus,
188 797 316 858 despectam
333 794 460 857 cupidinem
477 795 501 840 in
512 795 588 842 odium
600 801 663 841 tanto
674 796 716 841 im-

47 862 185 925 placabilius.
196 867 281 922 quanto
292 861 385 922 turpius,
397 860 472 908 vertit.
501 858 561 908 Cum
573 867 649 907 tamen
660 859 716 907 nihil

46 934 109 975 esset
126 927 233 980 criminis,
250 925 311 987 quod
327 926 467 988 objiceretur,
483 926 591 972 adversus
608 941 660 972 eum
676 939 717 987 per

47 1000 178 1040 commenta
192 992 292 1068 grassari
310 997 472 1038 consenserunt
483 989 609 1038 Messalina
619 998 643 1037 et
653 989 715 1037 Nar·

48 1058 138 1114 cimus}
155 1057 283 1118 divisasque
293 1057 352 1102 inter
362 1071 387 1103 se
397 1063 472 1118 partes
482 1056 514 1103 ita
523 1063 578 1109 sunt
588 1055 698 1117 exsecuti.

84 1122 224 1184 [Narcissus
249 1120 327 1168 similis
347 1122 451 1178 attonito,
478 1120 567 1169 Claudii
589 1121 716 1168 cubiculum

49 1195 103 1236 ante
113 1188 187 1235 lucem
198 1187 284 1250 irrupit,
298 1187 411 1234 affirmans
428 1183 552 1234 semniisse
563 1203 588 1234 se
598 1187 644 1233 vim
655 1186 717 1249 priu-

48 1254 93 1315 cipi
110 1254 138 1299 ab
148 1252 224 1314 Appio
241 1251 333 1299 illatam.
347 1279 350 1282 ⁴
366 1251 499 1307 Messalina,
511 1253 534 1299 in
546 1251 715 1299 admirationem

47 1317 152 1373 formata,
170 1318 210 1364 sibi
226 1333 316 1379 quoque
334 1318 435 1364 eamdem
454 1320 551 1380 speciem
570 1318 655 1377 aliquot
666 1316 714 1378 jam
754 1357 757 1366 ,

48 1384 153 1431 noctibus
165 1384 276 1431 obversari
287 1383 370 1431 retulit.
403 1382 455 1430 Neo
466 1383 538 1430 multo
548 1390 601 1444 post
611 1397 640 1428 ex
652 1395 714 1427 com-

47 1449 123 1512 posito
141 1449 264 1511 irrumpere
281 1449 369 1511 Appius
386 1449 508 1505 nuntiatur,
525 1448 562 1494 cui
572 1447 643 1510 pridie
653 1445 681 1492 ad
692 1445 715 1491 id

48 1514 157 1575 temporis
168 1521 193 1560 ut
204 1515 292 1561 adesset
302 1522 440 1577 praeceptum
450 1521 511 1561 erat:
526 1513 589 1574 quasi
600 1512 667 1574 plane
679 1525 715 1556 rc·

47 1585 197 1641 praeseutetur
214 1580 295 1626 somnii
312 1578 375 1634 fides,
391 1580 472 1627 arcessi
487 1579 562 1626 statim
574 1593 600 1624 ac
611 1576 668 1624 mori
675 1576 715 1638 ju·

47 1645 120 1692 betur.
154 1644 250 1691 Postero
261 1646 297 1691 die
308 1643 423 1701 Claudius,
440 1644 530 1698 fraudis,
549 1643 631 1690 nedum
643 1641 715 1688 scele-

48 1709 86 1764 ris,
104 1709 197 1756 minime
213 1710 324 1773 suspicax,
341 1711 442 1757 ordinem
459 1711 491 1756 rei
501 1719 574 1770 gestae
585 1707 677 1770 pertulit
688 1705 716 1753 ad

47 1781 159 1829 mustum,
171 1789 197 1822 ao
212 1775 291 1822 liberto
305 1776 389 1836 gratias
401 1776 455 1836 egit,
467 1774 527 1835 quod
538 1789 579 1836 pro
591 1772 664 1820 salute
674 1769 715 1818 suia

47 1839 117 1887 etiam
129 1839 242 1886 dormiens
254 1841 380 1887 excubaret
601 1861 604 1866 ·

83 1902 155 1965 [Tum
175 1920 253 1952 omnes
272 1904 399 1966 indignari:
418 1904 548 1966 principem,
565 1902 716 1952 imbecillitate

47 1969 168 2025 crudelem,
179 1968 307 2016 formidare.
332 1967 448 2026 Prooeres,
459 1971 540 2030 quibus
551 1970 602 2032 plus
613 1969 717 2015 imminet

47 2034 147 2097 periculi,
165 2041 188 2079 et
197 2035 292 2098 majores
303 2042 356 2080 sunt
367 2049 425 2096 spes,
442 2050 514 2082 novas
526 2051 562 2082 res
572 2035 715 2082 meditantur.

46 2099 139 2147 Annius
157 2097 296 2154 Vinicianus,
314 2100 393 2146 barum
404 2107 519 2163 appetens,
537 2100 583 2155 sed,
595 2099 657 2160 quod
675 2098 715 2144 de·

47 2171 112 2211 eraut
135 2164 224 2220 milites,
240 2164 358 2211 movendis
380 2165 457 2226 impar,
476 2164 569 2211 Furium
593 2163 714 2212 Camillum

47 2229 229 2283 Scribonianum,
250 2228 375 2276 Dalmatiae
393 2230 502 2292 legatum,
519 2230 547 2276 ad
566 2229 715 2276 desectionem

46 2294 117 2341 literis
134 2294 252 2341 sollicitat:
272 2310 300 2340 eo
317 2293 404 2341 facilius
415 2295 442 2341 ad
454 2295 547 2342 consilia
562 2295 638 2348 traxit,
655 2291 716 2354 quod
732 2339 735 2344 ,

46 2359 134 2421 imperii
146 2359 225 2406 avidus
236 2367 303 2414 esset,
320 2375 362 2406 nec
381 2360 487 2422 indignus
501 2361 626 2413 haberetur,
642 2357 715 2420 legio-

47 2439 133 2484 nesque
150 2440 201 2471 eum
219 2425 296 2472 multis
313 2425 403 2472 auxiliis
416 2431 568 2486 suppeterent.
601 2422 717 2471 Permotae

47 2489 111 2536 ducis
123 2490 263 2545 auctoritate,
280 2491 387 2537 novitatis
406 2489 519 2545 illecebra,
535 2496 624 2536 mutant
640 2501 716 2534 sacra·

45 2560 157 2601 mentum.
175 2555 296 2602 Senatores
306 2556 396 2617 plurimi
407 2563 430 2603 et
438 2556 530 2617 equites,
543 2555 631 2603 easdem
640 2559 715 2615 partes

46 2620 126 2674 secuti,
144 2618 283 2667 Dalmatiam
295 2622 382 2683 petunt

81 2685 259 2746 [Scribonianus
276 2686 409 2748 adspirantis
426 2684 525 2733 fortunar
543 2684 613 2732 initiis
629 2683 716 2735 elatior,

46 2756 154 2810 ratusque
171 2751 270 2799 timidam
287 2748 379 2800 Claudii
394 2759 499 2801 meatem
514 2748 732 2799 utrumnum·

38 2829 52 2858 r
51 2814 86 2858 ‘¹¹'
96 2829 172 2875 We,
190 2832 244 2866 eum
256 2818 433 2873 contumeliosi
444 2818 583 2879 rmuacique
594 2804 704 2876 edat&
711 2817 753 2847 22·
822 2880 829 2893 x
