1680 2910
76 141 110 185 20
174 129 367 182 ANNALIUM
383 128 465 181 Lrnl.
483 130 594 181 Css.85.
630 134 753 211 uapor.

80 267 150 314 ltorn.
170 262 295 319 memoris;
322 262 503 324 credebaturque,
526 263 545 309 si
568 278 641 310 rerum
663 266 753 326 pstlnu

80 333 146 385 foret,
163 330 289 375 libertatem
307 328 448 384 redditurus3
466 328 526 375 unde
544 329 568 374 in
586 329 753 377 Germanicum

80 397 152 450 favor,
164 401 188 441 et
199 409 250 455 spcs
262 393 347 439 eadem.
380 390 441 438 Nem
455 394 534 455 juveni
546 394 614 440 civile
624 394 753 455 ingenium,

81 462 140 508 rnirs
149 460 250 511 comitas,
262 466 286 504 et
295 458 404 504 diversas
414 456 498 504 Tiberii
510 472 620 512 sermone,
633 458 705 512 vultu,
714 474 754 507 ar·

83 526 215 588 rogantibus
224 532 247 568 et
257 523 364 569 obscuris.
398 522 543 569 Accedebant
551 523 670 569 muliebres
679 522 754 571 offen·

84 592 167 643 siones,
185 588 339 635 novercalibus
358 586 431 633 Liviae
443 589 466 633 in
478 588 626 649 Agrippinam
639 588 755 646 stimulis3

84 664 152 715 stque
169 655 219 714 ipss
243 653 369 713 Agrippina
386 652 454 712 psulo
472 654 613 706 commotior,
632 653 674 699 nisi
691 654 755 714 quod

85 721 189 767 castitate
196 728 219 764 et
227 719 300 764 meriti
311 732 387 763 amore
397 718 500 778 quamvis
506 717 640 764 indomitum
651 719 755 765 mimum
776 726 781 735 '

86 787 110 832 in
121 786 205 831 binum
217 784 325 828 vertebat.

120 846 244 895 XXXIV.
262 847 307 893 Sed
323 847 480 899 Germanicus,
495 853 580 906 quanto
593 861 689 894 summa
705 848 756 909 spel

87 915 182 976 propior,
194 918 257 959 tanto
267 912 392 972 impensius
400 926 442 972 pro
452 910 545 958 'liberio
555 912 604 957 niti.
636 912 757 973 Sequsrm

86 980 202 1041 proximos
213 986 236 1023 et
247 975 371 1037 Belgarum
382 976 485 1022 civitstes
498 977 522 1022 in
538 976 607 1023 verbs
616 977 665 1039 ejus
675 977 757 1039 sdiglt.

89 1044 187 1097 Dehinc,
199 1042 275 1089 audito
286 1042 401 1102 legionum
417 1041 522 1094 tumultu,
539 1042 621 1102 raptim
631 1040 755 1103 molemus,

89 1110 166 1155 obvias
183 1118 247 1153 extra
262 1113 336 1153 cestre
346 1106 428 1159 hebuit,
445 1105 537 1166 dejectis
546 1107 570 1152 in
581 1116 664 1152 terram
675 1106 757 1163 oeulis,

88 1175 152 1221 velut
172 1170 311 1234 poenitentbi.
344 1169 468 1230 Postquam
490 1171 574 1217 vellum
595 1171 652 1224 iniit,
669 1171 757 1219 dissoni

89 1246 182 1299 questus
192 1237 263 1285 audiri
271 1232 371 1296 coepdre:
391 1243 415 1280 et
424 1235 520 1295 quidem,
529 1232 611 1297 prensd
619 1250 689 1283 manu
698 1237 757 1299 ejice,

88 1319 129 1365 pcr
140 1303 236 1364 speciem
244 1299 395 1354 exosculandi,
402 1301 544 1346 inseruerunt
552 1300 641 1362 digitos,
651 1308 676 1347 ut
683 1316 758 1351 uscue

89 1369 193 1414 dentibus
204 1381 244 1412 ore
259 1365 411 1425 contingeret:
431 1364 466 1410 alii
479 1372 571 1411 curvata
581 1365 645 1412 senio
654 1366 759 1415 membra

90 1432 242 1479 ostendebant.
270 1427 421 1476 Assistentem
432 1430 571 1479 concionem,
582 1430 635 1491 quia
644 1432 759 1493 permiste
790 1426 793 1430 ’

89 1497 212 1551 videbatur,
230 1495 344 1540 disoedere
354 1494 376 1540 in
393 1495 519 1555 manipulos
529 1496 610 1556 Jubet3
628 1496 660 1542 sic
676 1490 778 1547 mellus'

90 1563 206 1608 audituros
219 1573 364 1620 responsum:
384 1559 467 1605 vexillo
480 1559 588 1622 praeferri.
605 1568 631 1607 ut
640 1561 664 1607 id
675 1561 757 1609 salton

91 1627 230 1672 discerneret
240 1625 352 1671 cohortes.
378 1622 454 1670 Tarde
464 1623 653 1686 obtemperavdre.
681 1624 757 1683 Tunc',

92 1688 257 1738 sveucrstione
265 1689 366 1750 Augusti
374 1704 446 1743 orsus,
453 1688 517 1737 flexit
523 1690 551 1736 ad
559 1691 665 1737 victorius
675 1691 758 1739 trium-

91 1756 193 1818 phosque
208 1752 299 1808 liberii,
317 1754 436 1815 praecipuis
451 1754 553 1801 laudibus
569 1755 695 1811 celebrans,
705 1770 760 1817 qun

93 1820 152 1881 apud
164 1820 300 1867 Gennsniss
311 1819 356 1865 illis
367 1834 419 1865 cum
427 1819 553 1881 legionibus
563 1820 714 1882 pulcherrime
723 1820 759 1870 ie·

93 1887 168 1931 cisset.
201 1881 274 1930 Itsliae
285 1885 337 1930 inde
348 1898 489 1940 consensum,
503 1885 628 1932 Galliarum
638 1884 706 1933 iidem
717 1900 760 1935 es·

93 1951 166 2005 tollit;
185 1949 216 1995 nil
228 1964 320 2009 usquam
331 1949 450 2003 turbidum,
461 1956 502 1996 sut
511 1951 603 1997 discors.

126 2013 237 2061 XXXV.
249 2015 344 2061 silentio
355 2015 404 2060 haec
415 2014 451 2060 vel
463 2030 577 2066 murmure
588 2015 677 2063 modico
685 2016 762 2064 sudils

94 2088 154 2127 sunt.
179 2078 213 2125 Ut
224 2080 357 2126 seditionem
367 2079 450 2141 attigit,
469 2079 633 2127 Ubi'modestis
643 2080 762 2129 militsrisl

95 2146 131 2191 ubi
143 2145 226 2190 veteris
237 2145 360 2206 disciplinae
376 2144 461 2190 decus?
478 2160 577 2205 quonam
593 2146 701 2201 tribunos,
715 2162 763 2208 quo

95 2210 238 2256 centuriones
257 2209 403 2271 exegissent?
420 2211 536 2270 rogitens3
553 2211 639 2257 nudant
661 2212 762 2259 universi

95 2289 195 2335 corpora,
207 2275 322 2321 cicatrices
329 2289 358 2320 ex
368 2274 505 2330 vulneribus,
513 2277 631 2322 verberum
642 2283 709 2323 notas
719 2291 762 2324 ex·

94 2340 215 2400 probrcnt:
235 2353 290 2385 mox
300 2340 426 2385 indiscretis
433 2341 525 2387 vocibus
532 2341 604 2402 pretia
611 2343 762 2399 vacationum,

94 2404 210 2464 angustias
221 2404 331 2464 stipendii,
343 2405 446 2450 duritiam
458 2421 558 2466 operum,
575 2421 602 2452 ac
612 2407 709 2468 propriis
720 2423 763 2455 no·

95 2469 192 2514 minibus
203 2468 307 2515 incusant
317 2468 408 2522 vallum,
419 2468 499 2524 fossas,
509 2471 591 2532 pabuli,
602 2472 709 2525 materiae,
718 2473 764 2534 lig-

87 2548 172 2580 norum
184 2542 301 2597 aggestus,
314 2543 339 2583 et
350 2537 368 2583 si
381 2551 428 2597 que
439 2535 484 2582 alia
495 2550 525 2582 ex
534 2535 674 2582 necessuste
682 2541 725 2578 sut
733 2536 775 2578 ub-

79 2612 163 2646 scrsus
180 2601 257 2650 otium
276 2611 415 2652 castrorum
434 2609 588 2666 quaeruntur.
621 2595 792 2645 immisimus

64 2670 238 2720 veteranorum
253 2672 349 2724 clamor
357 2671 505 2730 oriebatur,
521 2667 566 2732 qur
576 2662 724 2712 triceneaut
733 2664 800 2711 suun
