1680 2910
172 104 221 151 iss
253 92 447 149 auumruu
463 90 691 150 unsverein
721 102 770 144 tu<

165 237 272 279 tr'scmae
282 229 461 277 Massiliensium
474 238 559 294 preces,
573 231 736 292 probatumque
747 227 770 277 R

167 298 212 345 tilii
223 295 362 357 exemplum:
377 310 474 356 namque
484 308 543 351 eum
554 296 642 358 legibus
652 296 749 358 pulsum,
761 311 770 343 c

168 363 213 408 albi
226 361 338 421 smyrnei
354 360 497 406 addiderant:
517 375 562 420 quo
573 362 626 423 jure
638 359 770 408 Vulestius]

170 426 234 480 chus,
252 425 324 479 exsul,
336 426 360 470 in
372 425 528 472 Massilienses
538 434 650 487 receptus,
661 427 721 473 bons
731 440 770 473 sus

171 498 258 545 eo'rum,
270 496 296 536 ut
307 490 392 551 pstriae.
403 490 529 549 reliquerat.

205 552 300 601 XLIV.
315 552 399 601 Obiere
406 570 433 600 eo
444 569 504 600 enno
515 555 557 601 viri
568 549 653 603 nobiles
664 552 709 603 Cn.
717 553 769 601 Len

172 626 197 668 et
208 618 238 666 L.
249 618 375 666 Domitius.
407 618 514 673 lentulo,
532 634 598 682 super
609 620 751 666 consulatum
762 634 770 667 r

173 684 286 746 omphalis
304 683 332 730 de
352 683 458 739 Gaetulis,
477 684 558 745 gloriae
576 684 649 731 lueret
667 685 726 730 bene
743 690 770 731 to

171 749 547 862 titteittlt‘nttt
561 756 770 875 amittit

173 880 233 927 belo
249 879 317 926 maris
338 884 425 939 potens,
448 878 521 924 donec
540 877 637 925 Antonii
654 878 761 958 partibile,

174 942 274 993 Osrasris
284 943 423 989 misceretur.
454 943 521 990 Avus
537 943 667 990 Pharsalica
676 944 731 998 acie,
747 956 770 1006 pt

173 1009 297 1065 timetibns,
314 1008 435 1055 ceciderat:
454 1008 503 1070 ipse
513 1007 619 1064 delectus,
631 1009 667 1054 cui
678 1009 770 1055 minori

172 1075 219 1130 nis,
231 1070 328 1122 Oenvtt
337 1073 421 1135 genito,
437 1072 461 1120 in
474 1074 641 1120 metrimoninrn
652 1073 750 1120 duretur.

173 1138 276 1186 exercitu
287 1136 372 1185 llnmen
383 1138 461 1184 Albim
471 1138 615 1193 transcendit,
623 1138 714 1200 longius
724 1150 769 1200 pen

175 1200 307 1256 Gemuit
323 1216 391 1263 quum
401 1203 520 1263 quisquam
529 1205 643 1264 priorumr
663 1212 747 1263 sesque
762 1219 770 1249 ι

175 1268 274 1330 insignia
283 1267 390 1328 triumphi
401 1266 495 1328 adeptus
506 1276 547 1316 est.
572 1268 635 1315 Obiit
645 1274 668 1314 et
680 1266 708 1314 L.
719 1267 770 1314 Ant

176 1330 249 1379 multi
269 1331 402 1378 claritudine
423 1332 521 1393 generis,
543 1332 583 1379 sed
604 1330 759 1394 improsperdr

175 1404 240 1460 petre
247 1398 303 1459 ejus,
323 1393 375 1443 Iulo
387 1396 495 1452 Antonlo,
507 1397 536 1444 ob
546 1398 679 1444 adulterium
690 1396 760 1445 June

176 1463 262 1525 punito,
278 1463 345 1517 hunc,
361 1461 480 1508 admodum
492 1462 691 1516 adolescentrdum
704 1475 770 1508 soror

175 1534 260 1589 potem,
272 1527 372 1588 seposuit
383 1526 503 1588 Augustus
514 1528 537 1574 in
546 1529 659 1574 civitatem
667 1526 770 1574 Msaallis

177 1592 215 1637 ubl
232 1591 307 1652 specie
321 1590 446 1638 studiorum
457 1604 541 1638 nomen
551 1593 623 1639 exsilii
634 1600 758 1654 tegeretur.¹

176 1655 237 1702 nitus
248 1662 324 1702 tamen
336 1657 445 1718 supremis
456 1657 544 1714 honor3
562 1671 657 1718 ossaque
671 1656 760 1703 tumulo

177 1720 267 1767 sionim
277 1719 339 1767 llletn
349 1736 390 1783 per
399 1722 514 1768 decretum
526 1722 624 1770 senntds.

210 1783 292 1831 XLV.
309 1783 393 1833 Iisdem
410 1787 545 1842 consulibus,
564 1786 651 1834 lacinus
667 1792 733 1833 atrox
748 1786 770 1832 in

180 1849 241 1897 tiore
258 1848 372 1912 Hispanii
386 1851 508 1898 admissum
518 1863 532 1897 a
542 1852 638 1913 quodem
653 1852 737 1913 agresti
749 1865 770 1897 rn

176 1914 335 1963 Termestinoe.
368 1913 394 1962 Is
403 1923 523 1979 pretorem
533 1918 663 1979 provincie,
684 1915 713 1962 L.
726 1912 770 1962 Pis

174 1988 231 2043 pa'ce
242 1981 386 2037 incuriosum,
398 1994 428 2028 ex
437 1982 561 2042 improviso
571 1982 595 2028 in
602 1981 683 2028 itinere
691 1981 770 2028 edortu

177 2045 273 2093 vulnere
283 2046 308 2092 in
317 2052 415 2093 mertem
425 2045 513 2094 ell'ecitr
533 2062 559 2093 sc
572 2047 705 2109 pernicitate
723 2047 770 2107 equi

175 2109 253 2172 lngus,
273 2117 392 2171 postquem
409 2111 521 2158 saltuosos
538 2112 602 2158 locos
620 2112 733 2172 attigerat,
750 2110 770 2156 dl

177 2188 245 2236 equo,
258 2189 299 2236 per
314 2176 409 2236 derupta
423 2182 447 2223 et
461 2176 513 2223 avia
528 2183 647 2238 sequentes
661 2175 770 2223 frustratu

176 2252 254 2299 neque
275 2238 314 2286 diu
333 2238 426 2286 fefellit:
456 2254 516 2296 nam,
537 2243 648 2304 prehenso
670 2242 770 2302 duotoqu

178 2303 297 2366 proximos
313 2316 384 2366 pngos
400 2318 465 2366 equo,
480 2307 545 2368 cujus
555 2306 614 2352 foret
623 2306 754 2367 cognitum:

177 2374 263 2432 pertus,
274 2382 326 2415 cum
337 2371 456 2417 tormentis
464 2371 530 2418 edere
537 2372 639 2418 conscios
645 2371 770 2432 adigeretur

178 2431 271 2496 magni,
290 2448 394 2481 sermone
410 2436 489 2496 petrin,
507 2435 589 2483 lrustre
604 2451 628 2483 se
639 2435 770 2497 interrogari

175 2499 278 2548 milevit:
298 2500 431 2549 assisterent
438 2502 503 2557 scell,
513 2514 541 2548 tc
551 2508 694 2564 specturent:
704 2501 770 2544 nulls

163 2571 259 2616 <nutam
276 2567 366 2620 doloris
382 2567 442 2629 iore,
459 2567 623 2617 utseritntem
633 2562 770 2609 eliceretxii

154 2638 215 2686 Ἡ
232 2644 337 2705 postes
350 2638 387 2692 sd
405 2637 582 2705 quaesitionein
596 2627 766 2680 mederetur„
