<?xml version="1.0" encoding="UTF-8"?>
<!DOCTYPE html PUBLIC "-//W3C//DTD XHTML 1.0 Transitional//EN"
    "http://www.w3.org/TR/xhtml1/DTD/xhtml1-transitional.dtd">
<html xmlns="http://www.w3.org/1999/xhtml" xml:lang="en" lang="en">
 <head>
  <title>
</title>
<meta http-equiv="Content-Type" content="text/html;charset=utf-8" />
  <meta name='ocr-system' content='tesseract 3.04.00' />
  <meta name='ocr-capabilities' content='ocr_page ocr_carea ocr_par ocr_line ocrx_word'/>
</head>
<body>
  <div class='ocr_page' id='page_1' title='image "./ccorneliitaciti00obergoog_0146.png"; bbox 0 0 1680 2910; ppageno 0'>
   <div class='ocr_carea' id='block_1_1' title="bbox 75 125 743 176">
    <p class='ocr_par' dir='ltr' id='par_1_1' title="bbox 75 125 743 176">
     <span class='ocr_line' id='line_1_1' title="bbox 75 125 743 176; baseline 0.007 -7"><span class='ocrx_word' id='word_1_1' title='bbox 75 131 175 170; x_wconf 71' lang='lat' dir='ltr'>J.c.23.</span> <span class='ocrx_word' id='word_1_2' title='bbox 223 126 416 176; x_wconf 77' lang='lat' dir='ltr'>ANNALIUM</span> <span class='ocrx_word' id='word_1_3' title='bbox 433 125 664 176; x_wconf 77' lang='lat' dir='ltr'>LraIV.Cnr.10.</span> <span class='ocrx_word' id='word_1_4' title='bbox 698 130 743 174; x_wconf 78' lang='lat' dir='ltr'>iss</span> 
     </span>
    </p>
   </div>
   <div class='ocr_carea' id='block_1_2' title="bbox 66 258 806 2719">
    <p class='ocr_par' dir='ltr' id='par_1_2' title="bbox 66 258 743 840">
     <span class='ocr_line' id='line_1_2' title="bbox 75 258 743 321; baseline -0.001 -16"><span class='ocrx_word' id='word_1_5' title='bbox 75 259 157 319; x_wconf 78' lang='lat' dir='ltr'>inquit,</span> <span class='ocrx_word' id='word_1_6' title='bbox 169 264 183 288; x_wconf 81' lang='lat'>⁴⁴</span> <span class='ocrx_word' id='word_1_7' title='bbox 191 259 281 306; x_wconf 87' lang='lat' dir='ltr'>orbatos</span> <span class='ocrx_word' id='word_1_8' title='bbox 287 265 386 321; x_wconf 85' lang='lat' dir='ltr'>parente,</span> <span class='ocrx_word' id='word_1_9' title='bbox 396 258 476 304; x_wconf 88' lang='lat' dir='ltr'>tradidi</span> <span class='ocrx_word' id='word_1_10' title='bbox 486 265 567 320; x_wconf 85' lang='lat' dir='ltr'>patruo</span> <span class='ocrx_word' id='word_1_11' title='bbox 576 259 684 320; x_wconf 88' lang='lat' dir='ltr'>ipsorum,</span> <span class='ocrx_word' id='word_1_12' title='bbox 691 273 743 320; x_wconf 88' lang='lat' dir='ltr'>pre-</span> 
     </span>
     <span class='ocr_line' id='line_1_3' title="bbox 66 324 743 389; baseline -0.001 -18"><span class='ocrx_word' id='word_1_13' title='bbox 66 334 185 389; x_wconf 71' lang='lat' dir='ltr'>catusque</span> <span class='ocrx_word' id='word_1_14' title='bbox 197 339 256 382; x_wconf 90' lang='lat' dir='ltr'>sum,</span> <span class='ocrx_word' id='word_1_15' title='bbox 273 336 407 386; x_wconf 86' lang='lat' dir='ltr'>quamquam</span> <span class='ocrx_word' id='word_1_16' title='bbox 419 332 478 370; x_wconf 87' lang='lat' dir='ltr'>esset</span> <span class='ocrx_word' id='word_1_17' title='bbox 489 324 523 369; x_wconf 90' lang='lat' dir='ltr'>illi</span> <span class='ocrx_word' id='word_1_18' title='bbox 541 325 630 386; x_wconf 88' lang='lat' dir='ltr'>propria</span> <span class='ocrx_word' id='word_1_19' title='bbox 648 324 743 376; x_wconf 86' lang='lat' dir='ltr'>soboles,</span> 
     </span>
     <span class='ocr_line' id='line_1_4' title="bbox 73 388 742 450; baseline 0 -15"><span class='ocrx_word' id='word_1_20' title='bbox 73 404 105 436; x_wconf 89' lang='lat' dir='ltr'>ne</span> <span class='ocrx_word' id='word_1_21' title='bbox 115 404 188 443; x_wconf 89' lang='lat' dir='ltr'>secus,</span> <span class='ocrx_word' id='word_1_22' title='bbox 199 404 266 450; x_wconf 85' lang='lat' dir='ltr'>quarn</span> <span class='ocrx_word' id='word_1_23' title='bbox 278 404 344 436; x_wconf 91' lang='lat' dir='ltr'>suum</span> <span class='ocrx_word' id='word_1_24' title='bbox 355 389 495 450; x_wconf 79' lang='lat' dir='ltr'>sanguinem,</span> <span class='ocrx_word' id='word_1_25' title='bbox 512 388 599 435; x_wconf 84' lang='lat' dir='ltr'>foveret</span> <span class='ocrx_word' id='word_1_26' title='bbox 609 404 636 435; x_wconf 86' lang='lat' dir='ltr'>ac</span> <span class='ocrx_word' id='word_1_27' title='bbox 646 389 742 443; x_wconf 87' lang='lat' dir='ltr'>tolleret,</span> 
     </span>
     <span class='ocr_line' id='line_1_5' title="bbox 74 453 743 516; baseline 0.001 -16"><span class='ocrx_word' id='word_1_28' title='bbox 74 454 162 516; x_wconf 88' lang='lat' dir='ltr'>sibique</span> <span class='ocrx_word' id='word_1_29' title='bbox 168 463 192 500; x_wconf 92' lang='lat' dir='ltr'>et</span> <span class='ocrx_word' id='word_1_30' title='bbox 197 455 293 516; x_wconf 86' lang='lat' dir='ltr'>poteris</span> <span class='ocrx_word' id='word_1_31' title='bbox 302 453 460 500; x_wconf 83' lang='lat' dir='ltr'>conformaret.</span> <span class='ocrx_word' id='word_1_32' title='bbox 475 453 561 514; x_wconf 81' lang='lat' dir='ltr'>Erepto</span> <span class='ocrx_word' id='word_1_33' title='bbox 571 453 657 508; x_wconf 87' lang='lat' dir='ltr'><strong>Druso,</strong></span> <span class='ocrx_word' id='word_1_34' title='bbox 664 466 743 516; x_wconf 84' lang='lat' dir='ltr'>preces</span> 
     </span>
     <span class='ocr_line' id='line_1_6' title="bbox 74 516 743 580; baseline -0.003 -14"><span class='ocrx_word' id='word_1_35' title='bbox 74 519 104 566; x_wconf 89' lang='lat' dir='ltr'>sd</span> <span class='ocrx_word' id='word_1_36' title='bbox 114 533 157 566; x_wconf 87' lang='lat' dir='ltr'>vos</span> <span class='ocrx_word' id='word_1_37' title='bbox 172 525 288 574; x_wconf 77' lang='lat' dir='ltr'>converto,</span> <span class='ocrx_word' id='word_1_38' title='bbox 304 518 401 580; x_wconf 88' lang='lat' dir='ltr'>Diisque</span> <span class='ocrx_word' id='word_1_39' title='bbox 417 527 441 564; x_wconf 90' lang='lat' dir='ltr'>et</span> <span class='ocrx_word' id='word_1_40' title='bbox 456 516 527 580; x_wconf 71' lang='lat' dir='ltr'>patrici</span> <span class='ocrx_word' id='word_1_41' title='bbox 543 533 619 565; x_wconf 86' lang='lat' dir='ltr'>coram</span> <span class='ocrx_word' id='word_1_42' title='bbox 635 520 743 574; x_wconf 87' lang='lat' dir='ltr'>obtestor,</span> 
     </span>
     <span class='ocr_line' id='line_1_7' title="bbox 74 583 742 646; baseline 0 -16"><span class='ocrx_word' id='word_1_43' title='bbox 74 583 177 646; x_wconf 65' lang='lat' dir='ltr'>Augusti</span> <span class='ocrx_word' id='word_1_44' title='bbox 196 589 339 646; x_wconf 69' lang='lat' dir='ltr'>pronepotes,</span> <span class='ocrx_word' id='word_1_45' title='bbox 359 584 488 630; x_wconf 86' lang='lat' dir='ltr'>clarissimis</span> <span class='ocrx_word' id='word_1_46' title='bbox 505 585 625 646; x_wconf 88' lang='lat' dir='ltr'>majoribus</span> <span class='ocrx_word' id='word_1_47' title='bbox 643 585 742 646; x_wconf 84' lang='lat' dir='ltr'>genitos,</span> 
     </span>
     <span class='ocr_line' id='line_1_8' title="bbox 75 649 742 711; baseline 0 -16"><span class='ocrx_word' id='word_1_48' title='bbox 75 649 189 711; x_wconf 76' lang='lat' dir='ltr'>suscipite,</span> <span class='ocrx_word' id='word_1_49' title='bbox 210 651 297 711; x_wconf 85' lang='lat' dir='ltr'>regite:</span> <span class='ocrx_word' id='word_1_50' title='bbox 318 656 416 695; x_wconf 82' lang='lat' dir='ltr'>vestram</span> <span class='ocrx_word' id='word_1_51' title='bbox 427 663 545 709; x_wconf 82' lang='lat' dir='ltr'>meamque</span> <span class='ocrx_word' id='word_1_52' title='bbox 561 650 633 695; x_wconf 88' lang='lat' dir='ltr'>vicem</span> <span class='ocrx_word' id='word_1_53' title='bbox 645 649 742 711; x_wconf 87' lang='lat' dir='ltr'>explete.</span> 
     </span>
     <span class='ocr_line' id='line_1_9' title="bbox 75 712 741 776; baseline 0 -16"><span class='ocrx_word' id='word_1_54' title='bbox 75 712 111 760; x_wconf 89' lang='lat' dir='ltr'>Hi</span> <span class='ocrx_word' id='word_1_55' title='bbox 122 715 194 769; x_wconf 86' lang='lat' dir='ltr'>vobis,</span> <span class='ocrx_word' id='word_1_56' title='bbox 206 713 271 761; x_wconf 90' lang='lat' dir='ltr'>Nero</span> <span class='ocrx_word' id='word_1_57' title='bbox 287 721 310 760; x_wconf 86' lang='lat' dir='ltr'>et</span> <span class='ocrx_word' id='word_1_58' title='bbox 330 713 414 769; x_wconf 83' lang='lat' dir='ltr'>Druse,</span> <span class='ocrx_word' id='word_1_59' title='bbox 433 720 551 776; x_wconf 77' lang='lat' dir='ltr'>parentum</span> <span class='ocrx_word' id='word_1_60' title='bbox 567 714 632 760; x_wconf 84' lang='lat' dir='ltr'>loco:</span> <span class='ocrx_word' id='word_1_61' title='bbox 651 715 682 760; x_wconf 87' lang='lat' dir='ltr'>ita</span> <span class='ocrx_word' id='word_1_62' title='bbox 695 714 741 760; x_wconf 83' lang='lat' dir='ltr'>uati</span> 
     </span>
     <span class='ocr_line' id='line_1_10' title="bbox 74 777 742 840; baseline 0 -16"><span class='ocrx_word' id='word_1_63' title='bbox 74 780 137 830; x_wconf 85' lang='lat' dir='ltr'>estis,</span> <span class='ocrx_word' id='word_1_64' title='bbox 145 786 170 825; x_wconf 94' lang='lat' dir='ltr'>ut</span> <span class='ocrx_word' id='word_1_65' title='bbox 176 780 235 826; x_wconf 89' lang='lat' dir='ltr'>bona</span> <span class='ocrx_word' id='word_1_66' title='bbox 242 780 346 840; x_wconf 82' lang='lat' dir='ltr'>molaque</span> <span class='ocrx_word' id='word_1_67' title='bbox 353 786 429 826; x_wconf 86' lang='lat' dir='ltr'>vestra</span> <span class='ocrx_word' id='word_1_68' title='bbox 436 779 464 824; x_wconf 89' lang='lat' dir='ltr'>ud</span> <span class='ocrx_word' id='word_1_69' title='bbox 471 779 578 840; x_wconf 88' lang='lat' dir='ltr'>rempubl.</span> <span class='ocrx_word' id='word_1_70' title='bbox 589 777 742 840; x_wconf 83' lang='lat' dir='ltr'>pertineant.”</span> 
     </span>
    </p>

    <p class='ocr_par' dir='ltr' id='par_1_3' title="bbox 72 842 793 1295">
     <span class='ocr_line' id='line_1_11' title="bbox 109 842 793 909; baseline -0.001 -19"><span class='ocrx_word' id='word_1_71' title='bbox 109 842 156 891; x_wconf 85' lang='lat' dir='ltr'>lx.</span> <span class='ocrx_word' id='word_1_72' title='bbox 173 843 264 906; x_wconf 85' lang='lat' dir='ltr'>Magno</span> <span class='ocrx_word' id='word_1_73' title='bbox 275 859 303 890; x_wconf 84' lang='lat' dir='ltr'>ea</span> <span class='ocrx_word' id='word_1_74' title='bbox 312 843 375 899; x_wconf 85' lang='lat' dir='ltr'>fletu,</span> <span class='ocrx_word' id='word_1_75' title='bbox 387 851 410 890; x_wconf 88' lang='lat' dir='ltr'>et</span> <span class='ocrx_word' id='word_1_76' title='bbox 420 859 475 892; x_wconf 86' lang='lat' dir='ltr'>mox</span> <span class='ocrx_word' id='word_1_77' title='bbox 483 844 646 905; x_wconf 84' lang='lat' dir='ltr'>precationibus</span> <span class='ocrx_word' id='word_1_78' title='bbox 653 844 741 898; x_wconf 83' lang='lat' dir='ltr'>faustis,</span> <span class='ocrx_word' id='word_1_79' title='bbox 789 905 793 909; x_wconf 19' lang='grc' dir='ltr'><em>η</em></span> 
     </span>
     <span class='ocr_line' id='line_1_12' title="bbox 74 909 741 969; baseline 0.001 -15"><span class='ocrx_word' id='word_1_80' title='bbox 74 909 160 955; x_wconf 83' lang='lat' dir='ltr'>audita:</span> <span class='ocrx_word' id='word_1_81' title='bbox 181 924 214 965; x_wconf 87' lang='lat' dir='ltr'>sc,</span> <span class='ocrx_word' id='word_1_82' title='bbox 232 911 250 956; x_wconf 91' lang='lat' dir='ltr'>si</span> <span class='ocrx_word' id='word_1_83' title='bbox 261 910 353 956; x_wconf 89' lang='lat' dir='ltr'>modum</span> <span class='ocrx_word' id='word_1_84' title='bbox 366 909 460 956; x_wconf 84' lang='lat' dir='ltr'>orationi</span> <span class='ocrx_word' id='word_1_85' title='bbox 476 909 594 969; x_wconf 75' lang='lat' dir='ltr'>posuisset,</span> <span class='ocrx_word' id='word_1_86' title='bbox 614 910 741 956; x_wconf 89' lang='lat' dir='ltr'>misericor·</span> 
     </span>
     <span class='ocr_line' id='line_1_13' title="bbox 74 971 741 1036; baseline 0 -16"><span class='ocrx_word' id='word_1_87' title='bbox 74 971 112 1020; x_wconf 78' lang='lat' dir='ltr'>diis</span> <span class='ocrx_word' id='word_1_88' title='bbox 122 973 157 1020; x_wconf 89' lang='lat' dir='ltr'>sui</span> <span class='ocrx_word' id='word_1_89' title='bbox 168 973 286 1036; x_wconf 74' lang='lat' dir='ltr'>gloribque</span> <span class='ocrx_word' id='word_1_90' title='bbox 296 976 383 1021; x_wconf 85' lang='lat' dir='ltr'>animos</span> <span class='ocrx_word' id='word_1_91' title='bbox 394 974 537 1020; x_wconf 87' lang='lat' dir='ltr'>audientium.</span> <span class='ocrx_word' id='word_1_92' title='bbox 549 973 692 1035; x_wconf 81' lang='lat' dir='ltr'>impleverat:</span> <span class='ocrx_word' id='word_1_93' title='bbox 713 974 741 1020; x_wconf 86' lang='lat' dir='ltr'>ad</span> 
     </span>
     <span class='ocr_line' id='line_1_14' title="bbox 73 1036 741 1100; baseline 0 -15"><span class='ocrx_word' id='word_1_94' title='bbox 73 1053 141 1094; x_wconf 84' lang='lat' dir='ltr'>vana,</span> <span class='ocrx_word' id='word_1_95' title='bbox 158 1045 182 1085; x_wconf 83' lang='lat' dir='ltr'>et</span> <span class='ocrx_word' id='word_1_96' title='bbox 192 1041 259 1086; x_wconf 86' lang='lat' dir='ltr'>toties</span> <span class='ocrx_word' id='word_1_97' title='bbox 273 1041 338 1086; x_wconf 83' lang='lat' dir='ltr'>irrisu</span> <span class='ocrx_word' id='word_1_98' title='bbox 353 1039 474 1099; x_wconf 85' lang='lat' dir='ltr'>revolutus,</span> <span class='ocrx_word' id='word_1_99' title='bbox 494 1039 522 1084; x_wconf 87' lang='lat' dir='ltr'>de</span> <span class='ocrx_word' id='word_1_100' title='bbox 533 1036 646 1086; x_wconf 69' lang='lat' dir='ltr'>reddendi</span> <span class='ocrx_word' id='word_1_101' title='bbox 657 1039 741 1100; x_wconf 85' lang='lat' dir='ltr'>republ.</span> 
     </span>
     <span class='ocr_line' id='line_1_15' title="bbox 73 1103 740 1165; baseline -0.001 -15"><span class='ocrx_word' id='word_1_102' title='bbox 73 1111 144 1165; x_wconf 90' lang='lat' dir='ltr'>utque</span> <span class='ocrx_word' id='word_1_103' title='bbox 155 1105 266 1158; x_wconf 84' lang='lat' dir='ltr'>consules,</span> <span class='ocrx_word' id='word_1_104' title='bbox 287 1119 327 1152; x_wconf 89' lang='lat' dir='ltr'>seu</span> <span class='ocrx_word' id='word_1_105' title='bbox 341 1104 466 1165; x_wconf 73' lang='lat' dir='ltr'>quisalius,</span> <span class='ocrx_word' id='word_1_106' title='bbox 479 1103 579 1164; x_wconf 87' lang='lat' dir='ltr'>regimen</span> <span class='ocrx_word' id='word_1_107' title='bbox 595 1104 740 1164; x_wconf 72' lang='lat' dir='ltr'>susciperent,</span> 
     </span>
     <span class='ocr_line' id='line_1_16' title="bbox 72 1167 741 1230; baseline -0.001 -14"><span class='ocrx_word' id='word_1_108' title='bbox 72 1185 128 1216; x_wconf 86' lang='lat' dir='ltr'>vero</span> <span class='ocrx_word' id='word_1_109' title='bbox 147 1184 237 1230; x_wconf 92' lang='lat' dir='ltr'>quoque</span> <span class='ocrx_word' id='word_1_110' title='bbox 256 1178 279 1217; x_wconf 93' lang='lat' dir='ltr'>et</span> <span class='ocrx_word' id='word_1_111' title='bbox 298 1171 393 1216; x_wconf 89' lang='lat' dir='ltr'>honesto</span> <span class='ocrx_word' id='word_1_112' title='bbox 412 1167 480 1214; x_wconf 87' lang='lat' dir='ltr'>fidem</span> <span class='ocrx_word' id='word_1_113' title='bbox 499 1168 587 1214; x_wconf 78' lang='lat' dir='ltr'>demsit.</span> <span class='ocrx_word' id='word_1_114' title='bbox 619 1167 741 1216; x_wconf 85' lang='lat' dir='ltr'>Memoriae</span> 
     </span>
     <span class='ocr_line' id='line_1_17' title="bbox 72 1232 739 1295; baseline -0.003 -15"><span class='ocrx_word' id='word_1_115' title='bbox 72 1232 147 1280; x_wconf 85' lang='lat' dir='ltr'>Drusi</span> <span class='ocrx_word' id='word_1_116' title='bbox 166 1235 251 1289; x_wconf 69' lang='lat' dir='ltr'>eudem</span> <span class='ocrx_word' id='word_1_117' title='bbox 274 1250 326 1295; x_wconf 83' lang='lat' dir='ltr'>quae</span> <span class='ocrx_word' id='word_1_118' title='bbox 347 1235 371 1280; x_wconf 94' lang='lat' dir='ltr'>in</span> <span class='ocrx_word' id='word_1_119' title='bbox 391 1233 559 1288; x_wconf 87' lang='lat' dir='ltr'>Germanicum,</span> <span class='ocrx_word' id='word_1_120' title='bbox 583 1233 739 1290; x_wconf 85' lang='lat' dir='ltr'>decernuntur,</span> 
     </span>
    </p>

    <p class='ocr_par' dir='ltr' id='par_1_4' title="bbox 70 1298 806 1687">
     <span class='ocr_line' id='line_1_18' title="bbox 88 1298 740 1360; baseline 0 -15"><span class='ocrx_word' id='word_1_121' title='bbox 88 1299 185 1360; x_wconf 85' lang='lat' dir='ltr'>larisque</span> <span class='ocrx_word' id='word_1_122' title='bbox 199 1300 285 1355; x_wconf 89' lang='lat' dir='ltr'>sdditis,</span> <span class='ocrx_word' id='word_1_123' title='bbox 305 1307 332 1346; x_wconf 89' lang='lat' dir='ltr'>ut</span> <span class='ocrx_word' id='word_1_124' title='bbox 346 1298 418 1346; x_wconf 83' lang='lat' dir='ltr'>ferme</span> <span class='ocrx_word' id='word_1_125' title='bbox 431 1305 492 1345; x_wconf 83' lang='lat' dir='ltr'>amat</span> <span class='ocrx_word' id='word_1_126' title='bbox 507 1299 619 1360; x_wconf 88' lang='lat' dir='ltr'>posterior</span> <span class='ocrx_word' id='word_1_127' title='bbox 634 1298 740 1345; x_wconf 81' lang='lat' dir='ltr'>adulatio.</span> 
     </span>
     <span class='ocr_line' id='line_1_19' title="bbox 72 1315 738 1427; baseline -0.002 -17"><span class='ocrx_word' id='word_1_128' title='bbox 72 1315 153 1411; x_wconf 72' lang='lat' dir='ltr'>lanus</span> <span class='ocrx_word' id='word_1_129' title='bbox 167 1365 292 1427; x_wconf 75' lang='lat' dir='ltr'>imaginum</span> <span class='ocrx_word' id='word_1_130' title='bbox 309 1361 392 1427; x_wconf 72' lang='lat' dir='ltr'>pompi</span> <span class='ocrx_word' id='word_1_131' title='bbox 408 1364 506 1410; x_wconf 86' lang='lat' dir='ltr'>maxime</span> <span class='ocrx_word' id='word_1_132' title='bbox 522 1363 608 1410; x_wconf 87' lang='lat' dir='ltr'>illustra</span> <span class='ocrx_word' id='word_1_133' title='bbox 618 1363 668 1418; x_wconf 83' lang='lat' dir='ltr'>suit,</span> <span class='ocrx_word' id='word_1_134' title='bbox 687 1378 738 1409; x_wconf 92' lang='lat' dir='ltr'>curn</span> 
     </span>
     <span class='ocr_line' id='line_1_20' title="bbox 71 1428 739 1492; baseline -0.003 -16"><span class='ocrx_word' id='word_1_135' title='bbox 71 1429 137 1492; x_wconf 80' lang='lat' dir='ltr'>origo</span> <span class='ocrx_word' id='word_1_136' title='bbox 157 1428 227 1478; x_wconf 85' lang='lat' dir='ltr'>Juliae</span> <span class='ocrx_word' id='word_1_137' title='bbox 240 1430 323 1492; x_wconf 83' lang='lat' dir='ltr'>gentis,</span> <span class='ocrx_word' id='word_1_138' title='bbox 343 1430 436 1484; x_wconf 82' lang='lat' dir='ltr'>AEneas,</span> <span class='ocrx_word' id='word_1_139' title='bbox 460 1443 583 1489; x_wconf 83' lang='lat' dir='ltr'>omnesque</span> <span class='ocrx_word' id='word_1_140' title='bbox 600 1428 739 1474; x_wconf 84' lang='lat' dir='ltr'>Albanorum</span> 
     </span>
     <span class='ocr_line' id='line_1_21' title="bbox 71 1493 806 1557; baseline -0.001 -17"><span class='ocrx_word' id='word_1_141' title='bbox 71 1509 145 1557; x_wconf 80' lang='lat' dir='ltr'>reges,</span> <span class='ocrx_word' id='word_1_142' title='bbox 157 1496 295 1542; x_wconf 90' lang='lat' dir='ltr'>etconditor</span> <span class='ocrx_word' id='word_1_143' title='bbox 306 1496 366 1542; x_wconf 89' lang='lat' dir='ltr'>urbis</span> <span class='ocrx_word' id='word_1_144' title='bbox 377 1494 497 1546; x_wconf 90' lang='lat' dir='ltr'>Romulus,</span> <span class='ocrx_word' id='word_1_145' title='bbox 517 1503 569 1554; x_wconf 90' lang='lat' dir='ltr'>post</span> <span class='ocrx_word' id='word_1_146' title='bbox 581 1493 663 1540; x_wconf 86' lang='lat' dir='ltr'>Sabina</span> <span class='ocrx_word' id='word_1_147' title='bbox 675 1494 738 1540; x_wconf 89' lang='lat' dir='ltr'>nobi·</span> <span class='ocrx_word' id='word_1_148' title='bbox 803 1528 806 1530; x_wconf 48' lang='lat'>&gt;</span> 
     </span>
     <span class='ocr_line' id='line_1_22' title="bbox 70 1556 739 1620; baseline -0.003 -15"><span class='ocrx_word' id='word_1_149' title='bbox 70 1559 129 1614; x_wconf 83' lang='lat' dir='ltr'>litss,</span> <span class='ocrx_word' id='word_1_150' title='bbox 141 1559 213 1607; x_wconf 80' lang='lat' dir='ltr'>Attus</span> <span class='ocrx_word' id='word_1_151' title='bbox 224 1557 329 1616; x_wconf 83' lang='lat' dir='ltr'>Clausus,</span> <span class='ocrx_word' id='word_1_152' title='bbox 342 1567 476 1620; x_wconf 80' lang='lat' dir='ltr'>caeteraeque</span> <span class='ocrx_word' id='word_1_153' title='bbox 488 1556 633 1607; x_wconf 79' lang='lat' dir='ltr'>Claudiorum</span> <span class='ocrx_word' id='word_1_154' title='bbox 645 1558 739 1620; x_wconf 85' lang='lat' dir='ltr'>effigies,</span> 
     </span>
     <span class='ocr_line' id='line_1_23' title="bbox 73 1624 410 1687; baseline 0.006 -17"><span class='ocrx_word' id='word_1_155' title='bbox 73 1624 147 1687; x_wconf 77' lang='lat' dir='ltr'>longo</span> <span class='ocrx_word' id='word_1_156' title='bbox 158 1625 237 1672; x_wconf 89' lang='lat' dir='ltr'>ordine</span> <span class='ocrx_word' id='word_1_157' title='bbox 249 1633 410 1687; x_wconf 77' lang='lat' dir='ltr'>spectarentur.</span> 
     </span>
    </p>

    <p class='ocr_par' dir='ltr' id='par_1_5' title="bbox 67 1687 739 2466">
     <span class='ocr_line' id='line_1_24' title="bbox 105 1687 736 1752; baseline -0.003 -14"><span class='ocrx_word' id='word_1_158' title='bbox 105 1689 138 1738; x_wconf 77' lang='lat' dir='ltr'>X.</span> <span class='ocrx_word' id='word_1_159' title='bbox 155 1687 188 1736; x_wconf 90' lang='lat' dir='ltr'>Ia</span> <span class='ocrx_word' id='word_1_160' title='bbox 197 1688 304 1738; x_wconf 74' lang='lat' dir='ltr'>tradendis</span> <span class='ocrx_word' id='word_1_161' title='bbox 314 1697 388 1737; x_wconf 91' lang='lat' dir='ltr'>morte</span> <span class='ocrx_word' id='word_1_162' title='bbox 398 1689 478 1744; x_wconf 87' lang='lat' dir='ltr'>Drusi,</span> <span class='ocrx_word' id='word_1_163' title='bbox 497 1703 549 1750; x_wconf 87' lang='lat' dir='ltr'>quse</span> <span class='ocrx_word' id='word_1_164' title='bbox 558 1689 662 1752; x_wconf 87' lang='lat' dir='ltr'>plurimis</span> <span class='ocrx_word' id='word_1_165' title='bbox 672 1704 736 1736; x_wconf 84' lang='lat' dir='ltr'>max·</span> 
     </span>
     <span class='ocr_line' id='line_1_25' title="bbox 70 1753 739 1816; baseline 0.001 -16"><span class='ocrx_word' id='word_1_166' title='bbox 70 1754 161 1816; x_wconf 88' lang='lat' dir='ltr'>irneque</span> <span class='ocrx_word' id='word_1_167' title='bbox 174 1753 225 1802; x_wconf 88' lang='lat' dir='ltr'>fidis</span> <span class='ocrx_word' id='word_1_168' title='bbox 239 1757 368 1802; x_wconf 85' lang='lat' dir='ltr'>auctoribus</span> <span class='ocrx_word' id='word_1_169' title='bbox 385 1763 508 1802; x_wconf 81' lang='lat' dir='ltr'>memorata</span> <span class='ocrx_word' id='word_1_170' title='bbox 524 1762 584 1809; x_wconf 90' lang='lat' dir='ltr'>sunt,</span> <span class='ocrx_word' id='word_1_171' title='bbox 600 1755 678 1801; x_wconf 89' lang='lat' dir='ltr'>retuli:</span> <span class='ocrx_word' id='word_1_172' title='bbox 699 1755 739 1801; x_wconf 89' lang='lat' dir='ltr'>sed</span> 
     </span>
     <span class='ocr_line' id='line_1_26' title="bbox 69 1820 739 1882; baseline -0.003 -15"><span class='ocrx_word' id='word_1_173' title='bbox 69 1835 116 1867; x_wconf 92' lang='lat' dir='ltr'>non</span> <span class='ocrx_word' id='word_1_174' title='bbox 123 1820 238 1867; x_wconf 87' lang='lat' dir='ltr'>omiserim</span> <span class='ocrx_word' id='word_1_175' title='bbox 244 1822 374 1868; x_wconf 90' lang='lat' dir='ltr'>eorumdem</span> <span class='ocrx_word' id='word_1_176' title='bbox 380 1827 506 1882; x_wconf 62' lang='lat' dir='ltr'>temmrnm</span> <span class='ocrx_word' id='word_1_177' title='bbox 514 1835 635 1875; x_wconf 88' lang='lat' dir='ltr'>rumorem,</span> <span class='ocrx_word' id='word_1_178' title='bbox 641 1820 739 1866; x_wconf 88' lang='lat' dir='ltr'>validum</span> 
     </span>
     <span class='ocr_line' id='line_1_27' title="bbox 70 1882 738 1945; baseline -0.001 -14"><span class='ocrx_word' id='word_1_179' title='bbox 70 1885 133 1939; x_wconf 80' lang='lat' dir='ltr'>adeo,</span> <span class='ocrx_word' id='word_1_180' title='bbox 163 1891 189 1932; x_wconf 89' lang='lat' dir='ltr'>ut</span> <span class='ocrx_word' id='word_1_181' title='bbox 210 1886 311 1932; x_wconf 89' lang='lat' dir='ltr'>nondum</span> <span class='ocrx_word' id='word_1_182' title='bbox 327 1887 456 1933; x_wconf 83' lang='lat' dir='ltr'>exolescat:</span> <span class='ocrx_word' id='word_1_183' title='bbox 484 1882 598 1945; x_wconf 81' lang='lat' dir='ltr'>Corruptir</span> <span class='ocrx_word' id='word_1_184' title='bbox 617 1886 646 1931; x_wconf 90' lang='lat' dir='ltr'>ad</span> <span class='ocrx_word' id='word_1_185' title='bbox 665 1885 738 1931; x_wconf 83' lang='lat' dir='ltr'>scelus</span> 
     </span>
     <span class='ocr_line' id='line_1_28' title="bbox 70 1945 738 2013; baseline 0 -17"><span class='ocrx_word' id='word_1_186' title='bbox 70 1948 144 2005; x_wconf 73' lang='lat' dir='ltr'>Livii,</span> <span class='ocrx_word' id='word_1_187' title='bbox 157 1945 264 2012; x_wconf 64' lang='lat' dir='ltr'>Se&#39;jtnum</span> <span class='ocrx_word' id='word_1_188' title='bbox 276 1949 354 2013; x_wconf 77' lang='lat' dir='ltr'>Lygdi</span> <span class='ocrx_word' id='word_1_189' title='bbox 364 1965 453 2012; x_wconf 90' lang='lat' dir='ltr'>quoque</span> <span class='ocrx_word' id='word_1_190' title='bbox 464 1950 568 2011; x_wconf 81' lang='lat' dir='ltr'>spadonis</span> <span class='ocrx_word' id='word_1_191' title='bbox 579 1950 678 1996; x_wconf 90' lang='lat' dir='ltr'>animum</span> <span class='ocrx_word' id='word_1_192' title='bbox 690 1957 738 1996; x_wconf 67' lang='lat' dir='ltr'>stub</span> 
     </span>
     <span class='ocr_line' id='line_1_29' title="bbox 69 2012 737 2076; baseline 0 -15"><span class='ocrx_word' id='word_1_193' title='bbox 69 2030 111 2076; x_wconf 90' lang='lat' dir='ltr'>pro</span> <span class='ocrx_word' id='word_1_194' title='bbox 122 2016 237 2062; x_wconf 83' lang='lat' dir='ltr'>vinxisse:</span> <span class='ocrx_word' id='word_1_195' title='bbox 257 2017 318 2076; x_wconf 93' lang='lat' dir='ltr'>quod</span> <span class='ocrx_word' id='word_1_196' title='bbox 332 2017 353 2063; x_wconf 88' lang='lat' dir='ltr'>is</span> <span class='ocrx_word' id='word_1_197' title='bbox 365 2024 432 2063; x_wconf 82' lang='lat' dir='ltr'>aetate</span> <span class='ocrx_word' id='word_1_198' title='bbox 447 2021 514 2075; x_wconf 88' lang='lat' dir='ltr'>atque</span> <span class='ocrx_word' id='word_1_199' title='bbox 530 2012 604 2061; x_wconf 76' lang='lat' dir='ltr'>formis</span> <span class='ocrx_word' id='word_1_200' title='bbox 621 2028 685 2060; x_wconf 87' lang='lat' dir='ltr'>carus</span> <span class='ocrx_word' id='word_1_201' title='bbox 696 2014 737 2061; x_wconf 89' lang='lat' dir='ltr'>do·</span> 
     </span>
     <span class='ocr_line' id='line_1_30' title="bbox 69 2079 737 2142; baseline -0.003 -16"><span class='ocrx_word' id='word_1_202' title='bbox 69 2081 139 2136; x_wconf 91' lang='lat' dir='ltr'>mino,</span> <span class='ocrx_word' id='word_1_203' title='bbox 155 2081 261 2142; x_wconf 91' lang='lat' dir='ltr'>interque</span> <span class='ocrx_word' id='word_1_204' title='bbox 270 2082 380 2142; x_wconf 89' lang='lat' dir='ltr'>primores</span> <span class='ocrx_word' id='word_1_205' title='bbox 395 2081 510 2127; x_wconf 90' lang='lat' dir='ltr'>ministros</span> <span class='ocrx_word' id='word_1_206' title='bbox 521 2087 582 2126; x_wconf 85' lang='lat' dir='ltr'>erat:</span> <span class='ocrx_word' id='word_1_207' title='bbox 603 2079 689 2132; x_wconf 90' lang='lat' dir='ltr'>deinde,</span> <span class='ocrx_word' id='word_1_208' title='bbox 701 2079 737 2124; x_wconf 92' lang='lat' dir='ltr'>in-</span> 
     </span>
     <span class='ocr_line' id='line_1_31' title="bbox 68 2145 738 2206; baseline -0.001 -14"><span class='ocrx_word' id='word_1_209' title='bbox 68 2152 104 2192; x_wconf 87' lang='lat' dir='ltr'>ter</span> <span class='ocrx_word' id='word_1_210' title='bbox 115 2146 220 2192; x_wconf 91' lang='lat' dir='ltr'>conscios</span> <span class='ocrx_word' id='word_1_211' title='bbox 230 2146 267 2191; x_wconf 88' lang='lat' dir='ltr'>ubi</span> <span class='ocrx_word' id='word_1_212' title='bbox 277 2146 342 2192; x_wconf 88' lang='lat' dir='ltr'>locus</span> <span class='ocrx_word' id='word_1_213' title='bbox 356 2145 458 2192; x_wconf 86' lang='lat' dir='ltr'>veneficii</span> <span class='ocrx_word' id='word_1_214' title='bbox 474 2150 607 2206; x_wconf 89' lang='lat' dir='ltr'>tempusque</span> <span class='ocrx_word' id='word_1_215' title='bbox 615 2145 738 2206; x_wconf 88' lang='lat' dir='ltr'>composita</span> 
     </span>
     <span class='ocr_line' id='line_1_32' title="bbox 69 2209 737 2272; baseline 0 -16"><span class='ocrx_word' id='word_1_216' title='bbox 69 2210 123 2264; x_wconf 88' lang='lat' dir='ltr'>sint,</span> <span class='ocrx_word' id='word_1_217' title='bbox 135 2225 163 2257; x_wconf 92' lang='lat' dir='ltr'>eo</span> <span class='ocrx_word' id='word_1_218' title='bbox 174 2210 275 2257; x_wconf 84' lang='lat' dir='ltr'>audaciae</span> <span class='ocrx_word' id='word_1_219' title='bbox 291 2218 429 2272; x_wconf 87' lang='lat' dir='ltr'>provectum,</span> <span class='ocrx_word' id='word_1_220' title='bbox 447 2216 472 2255; x_wconf 90' lang='lat' dir='ltr'>ut</span> <span class='ocrx_word' id='word_1_221' title='bbox 488 2217 591 2263; x_wconf 83' lang='lat' dir='ltr'>verteret,</span> <span class='ocrx_word' id='word_1_222' title='bbox 605 2214 635 2263; x_wconf 84' lang='lat' dir='ltr'>et,</span> <span class='ocrx_word' id='word_1_223' title='bbox 648 2209 737 2256; x_wconf 87' lang='lat' dir='ltr'>occulto</span> 
     </span>
     <span class='ocr_line' id='line_1_33' title="bbox 69 2274 737 2337; baseline -0.001 -16"><span class='ocrx_word' id='word_1_224' title='bbox 69 2274 154 2321; x_wconf 89' lang='lat' dir='ltr'>indicio</span> <span class='ocrx_word' id='word_1_225' title='bbox 167 2274 272 2322; x_wconf 87' lang='lat' dir='ltr'>Drusum</span> <span class='ocrx_word' id='word_1_226' title='bbox 283 2277 364 2322; x_wconf 88' lang='lat' dir='ltr'>veneni</span> <span class='ocrx_word' id='word_1_227' title='bbox 376 2277 399 2322; x_wconf 91' lang='lat' dir='ltr'>in</span> <span class='ocrx_word' id='word_1_228' title='bbox 416 2283 502 2337; x_wconf 85' lang='lat' dir='ltr'>patrem</span> <span class='ocrx_word' id='word_1_229' title='bbox 514 2289 619 2336; x_wconf 80' lang='lat' dir='ltr'>arguens,</span> <span class='ocrx_word' id='word_1_230' title='bbox 634 2281 737 2320; x_wconf 90' lang='lat' dir='ltr'>moneret</span> 
     </span>
     <span class='ocr_line' id='line_1_34' title="bbox 67 2337 737 2401; baseline 0 -15"><span class='ocrx_word' id='word_1_231' title='bbox 67 2337 193 2394; x_wconf 85' lang='lat' dir='ltr'>Tiberium,</span> <span class='ocrx_word' id='word_1_232' title='bbox 212 2341 327 2386; x_wconf 85' lang='lat' dir='ltr'>vitandam</span> <span class='ocrx_word' id='word_1_233' title='bbox 338 2342 459 2401; x_wconf 87' lang='lat' dir='ltr'>potionem,</span> <span class='ocrx_word' id='word_1_234' title='bbox 476 2354 527 2401; x_wconf 85' lang='lat' dir='ltr'>quae</span> <span class='ocrx_word' id='word_1_235' title='bbox 545 2341 618 2400; x_wconf 86' lang='lat' dir='ltr'>prima</span> <span class='ocrx_word' id='word_1_236' title='bbox 633 2341 660 2393; x_wconf 92' lang='lat' dir='ltr'>ei,</span> <span class='ocrx_word' id='word_1_237' title='bbox 679 2340 737 2400; x_wconf 91' lang='lat' dir='ltr'>apud</span> 
     </span>
     <span class='ocr_line' id='line_1_35' title="bbox 68 2402 736 2466; baseline 0 -16"><span class='ocrx_word' id='word_1_238' title='bbox 68 2402 140 2451; x_wconf 86' lang='lat' dir='ltr'>filiurn</span> <span class='ocrx_word' id='word_1_239' title='bbox 160 2405 268 2466; x_wconf 82' lang='lat' dir='ltr'>epulanti,</span> <span class='ocrx_word' id='word_1_240' title='bbox 286 2404 418 2451; x_wconf 84' lang='lat' dir='ltr'>offerretur:</span> <span class='ocrx_word' id='word_1_241' title='bbox 444 2403 472 2452; x_wconf 68' lang='lat' dir='ltr'>ab</span> <span class='ocrx_word' id='word_1_242' title='bbox 489 2403 567 2451; x_wconf 83' lang='lat' dir='ltr'>fraude</span> <span class='ocrx_word' id='word_1_243' title='bbox 586 2413 634 2451; x_wconf 88' lang='lat' dir='ltr'>turn</span> <span class='ocrx_word' id='word_1_244' title='bbox 651 2419 736 2459; x_wconf 89' lang='lat' dir='ltr'>senem,</span> 
     </span>
    </p>

    <p class='ocr_par' dir='ltr' id='par_1_6' title="bbox 66 2469 769 2667">
     <span class='ocr_line' id='line_1_36' title="bbox 99 2469 735 2531; baseline -0.002 -16"><span class='ocrx_word' id='word_1_245' title='bbox 99 2476 189 2530; x_wconf 82' lang='lat' dir='ltr'>utquam</span> <span class='ocrx_word' id='word_1_246' title='bbox 211 2471 341 2516; x_wconf 86' lang='lat' dir='ltr'>convivium</span> <span class='ocrx_word' id='word_1_247' title='bbox 368 2471 455 2526; x_wconf 86' lang='lat' dir='ltr'>inierat,</span> <span class='ocrx_word' id='word_1_248' title='bbox 482 2478 602 2531; x_wconf 82' lang='lat' dir='ltr'>exceptum</span> <span class='ocrx_word' id='word_1_249' title='bbox 630 2469 735 2531; x_wconf 91' lang='lat' dir='ltr'>poculum</span> 
     </span>
     <span class='ocr_line' id='line_1_37' title="bbox 68 2484 748 2600; baseline -0.009 -20"><span class='ocrx_word' id='word_1_250' title='bbox 68 2484 150 2580; x_wconf 55' lang='lat' dir='ltr'>llruso</span> <span class='ocrx_word' id='word_1_251' title='bbox 167 2535 301 2592; x_wconf 80' lang='lat' dir='ltr'>tradidisse3</span> <span class='ocrx_word' id='word_1_252' title='bbox 318 2543 385 2595; x_wconf 85' lang='lat' dir='ltr'>atque</span> <span class='ocrx_word' id='word_1_253' title='bbox 401 2535 441 2582; x_wconf 89' lang='lat' dir='ltr'>illo</span> <span class='ocrx_word' id='word_1_254' title='bbox 457 2536 548 2600; x_wconf 80' lang='lat' dir='ltr'>ignum,</span> <span class='ocrx_word' id='word_1_255' title='bbox 570 2542 596 2582; x_wconf 86' lang='lat' dir='ltr'>et</span> <span class='ocrx_word' id='word_1_256' title='bbox 609 2534 748 2598; x_wconf 46' lang='lat' dir='ltr'>iuuenilibus</span> 
     </span>
     <span class='ocr_line' id='line_1_38' title="bbox 66 2598 769 2667; baseline -0.004 -25"><span class='ocrx_word' id='word_1_257' title='bbox 66 2598 189 2653; x_wconf 75' lang='lat' dir='ltr'>hauriente,</span> <span class='ocrx_word' id='word_1_258' title='bbox 205 2607 297 2649; x_wconf 86' lang='lat' dir='ltr'>auctam</span> <span class='ocrx_word' id='word_1_259' title='bbox 307 2602 482 2667; x_wconf 73' lang='lat' dir='ltr'>suspicionem,</span> <span class='ocrx_word' id='word_1_260' title='bbox 505 2611 633 2664; x_wconf 69' lang='lat' dir='ltr'>tamqussn</span> <span class='ocrx_word' id='word_1_261' title='bbox 650 2602 724 2642; x_wconf 73' lang='lat' dir='ltr'>metu</span> <span class='ocrx_word' id='word_1_262' title='bbox 739 2598 769 2635; x_wconf 70' lang='lat' dir='ltr'>et</span> 
     </span>
    </p>

    <p class='ocr_par' dir='ltr' id='par_1_7' title="bbox 90 2673 563 2719">
     <span class='ocr_line' id='line_1_39' title="bbox 90 2673 563 2719; baseline 0.004 -2"><span class='ocrx_word' id='word_1_263' title='bbox 90 2673 142 2710; x_wconf 70' lang='lat' dir='ltr'>m·</span> <span class='ocrx_word' id='word_1_264' title='bbox 151 2677 170 2717; x_wconf 72' lang='lat'>1·</span> <span class='ocrx_word' id='word_1_265' title='bbox 544 2684 563 2719; x_wconf 82' lang='lat' dir='ltr'>u</span> 
     </span>
    </p>
   </div>
   <div class='ocr_carea' id='block_1_3' title="bbox 0 0 844 2910">
    <p class='ocr_par' dir='ltr' id='par_1_8' title="bbox 0 0 844 2910">
     <span class='ocr_line' id='line_1_40' title="bbox 0 0 844 2910; baseline 0 2"><span class='ocrx_word' id='word_1_266' title='bbox 0 0 844 2910; x_wconf 95' lang='lat' dir='ltr'> </span> 
     </span>
    </p>
   </div>
  </div>
 </body>
</html>
