1680 2910
116 128 165 173 224
309 116 603 170 annuntiaturum
668 123 782 173 meatu.

113 261 189 302 cretus
199 253 293 314 clypeus
305 266 392 307 aureus,
409 266 477 314 quem
491 251 614 313 quotannis
631 238 730 315 oolicgl'·
745 266 781 299 ss·

114 320 230 367 cerdotum
255 317 279 362 in
303 315 441 378 Capitolium
469 316 561 372 tonent,
591 324 673 364 aenatu
702 332 780 379 prose·

113 390 203 445 quente,
216 381 325 428 nobilibus
338 383 414 444 pueris
433 397 460 429 ac
478 382 566 443 puellis,
583 382 686 429 cernane
699 383 780 429 noda·

112 451 165 502 lato,
176 446 254 494 landos
265 447 373 493 virtutum
384 447 489 509 principis
496 447 643 494 canentibus:
662 447 778 494 Meum

113 526 203 575 qnoque
214 519 240 558 ut
248 512 301 566 dies,
313 527 359 572 quo
369 513 464 574 cepisset
474 513 599 574 imperim,
615 510 699 559 Palilia
711 526 780 559 vocar

115 585 184 631 retur,
195 577 258 625 velut
269 591 346 623 rursus
357 577 455 623 conditae
466 574 537 623 Urbis
547 583 718 639 argumentum.

149 639 306 705 [Consulatus
324 654 370 687 non
381 656 436 688 vero
447 642 540 697 laetitiae,
559 641 629 688 llnorn
639 639 717 689 fecere
727 656 782 689 coa·

114 707 177 754 sales
188 706 275 754 suffecti
288 704 365 753 idibus
376 706 522 769 Septembris.
553 705 647 753 Dtffiist
662 707 732 754 etiam
743 720 783 768 per

113 772 242 834 provincias
259 771 388 827 festivitate,
409 772 490 832 ubique
504 778 568 818 tanto
581 771 674 818 hilarius
691 772 782 818 victita-

115 845 171 892 tum,
182 843 268 897 quanto
278 837 379 883 moestior
386 834 460 883 fuerat
470 850 558 883 morum
570 837 698 893 ansmritas,
708 837 781 898 impe-

115 903 197 948 ritante
207 900 306 948 'liberio
337 900 371 947 At
380 902 490 963 princeps,
509 899 592 948 naturd
605 902 707 949 imbutus
716 900 782 948 malis

117 967 208 1021 artibus,
220 966 325 1012 mentitas
336 967 365 1012 ob
377 966 413 1012 ari
423 974 509 1013 metum
520 967 607 1028 specics
617 967 730 1013 virtutum
740 980 783 1027 po·

115 1046 183 1078 nere:
202 1028 275 1094 p'rimo
292 1031 408 1085 conviviis,
419 1044 475 1077 mox
486 1031 572 1087 scortis,
584 1031 666 1078 deinde
675 1032 741 1078 luxui
752 1031 784 1078 ita

114 1096 238 1158 indulgere,
253 1103 279 1142 ut
289 1096 375 1142 centies
385 1096 488 1143 sestertio
501 1097 632 1150 coenaverit,
649 1103 674 1142 et
684 1096 782 1143 immen-

113 1176 164 1208 sum
175 1161 231 1208 illud
241 1158 327 1207 'liberii
336 1161 406 1208 vicies
417 1175 443 1207 ae
453 1161 536 1223 septies
551 1161 634 1207 millies
650 1160 780 1208 sestertidm

117 1225 190 1273 ferme
200 1225 339 1272 absumserit
430 1268 434 1275 .

145 1287 262 1355 [Morbus
280 1290 395 1336 libidinum
412 1304 496 1345 comes,
515 1297 584 1346 anuo,
599 1290 655 1336 olim
674 1290 780 1337 cardiaco

113 1357 192 1402 morbo
209 1355 342 1410 debilitatos,
359 1370 420 1401 nunc
439 1356 574 1412 ebriositate,
595 1370 620 1402 ac
632 1356 734 1417 turpiore
743 1356 780 1402 in-

113 1419 261 1482 temperantid
271 1426 394 1481 corruptos,
406 1421 504 1467 incessit.
536 1419 607 1467 Vitiis
618 1421 691 1466 adbuc
703 1434 778 1467 secre-

113 1486 149 1539 tis,
162 1487 244 1546 passim
255 1485 372 1546 publicatis
382 1485 508 1540 virtutibus,
528 1486 591 1546 quasi
602 1498 683 1547 parens
698 1485 779 1546 patrlae

116 1551 209 1611 ipsaque
231 1550 354 1611 respublica
376 1551 560 1612 periclitarentur,
581 1557 656 1596 sumto
677 1550 778 1612 justitio,

113 1615 200 1660 cunctis
212 1615 271 1659 circa
282 1613 393 1660 Palatium
405 1616 592 1676 pernoctantibus,
605 1615 778 1676 comploratum.

112 1678 192 1725 Studia
209 1679 292 1724 civium
309 1679 365 1725 adeo
383 1687 447 1726 erant
464 1680 563 1733 incensa,
581 1686 607 1725 ut
627 1678 654 1726 P.
667 1677 778 1726 Afranius

111 1743 209 1798 Potitus,
220 1743 319 1804 plebeius
330 1744 405 1799 homo,
417 1752 484 1806 caput
495 1760 561 1791 suum
573 1760 615 1806 pro
631 1744 703 1790 salute
714 1745 777 1805 prin-

113 1809 168 1869 cipis
183 1815 277 1854 voveret
283 1825 291 1864 ;
309 1808 406 1855 Atanius
425 1809 547 1864 Secundus,
568 1824 644 1868 eques,
664 1808 778 1870 gladiato·

112 1874 169 1920 riam
186 1887 276 1934 operam
287 1873 434 1934 promitteret.
469 1873 607 1929 Provincias,
628 1874 723 1920 naribus
740 1874 777 1920 iu·

111 1946 180 1986 eunte
191 1944 312 1984 auctumno
323 1950 352 1984 ex
361 1936 427 1984 Italici
433 1939 589 1994 remeantibus,
597 1937 722 2001 periculum
729 1944 776 1985 sta·

113 2003 155 2049 tim
163 2003 260 2057 edoctas,
272 2002 331 2048 idem
342 2002 416 2050 luctus
427 2011 527 2066 occupat.

144 2065 269 2130 [Recreatd
280 2065 330 2114 Caii
347 2067 482 2122 valetudine,
499 2075 525 2115 ut
540 2068 605 2130 plura
624 2074 677 2115 sunt
692 2067 778 2130 gaudii,

112 2146 179 2192 quam
190 2131 312 2186 moestitiae,
324 2132 395 2193 signa,
412 2148 454 2179 nec
465 2134 514 2194 jam
529 2133 614 2180 incerta
626 2133 730 2188 adulatio,
742 2131 777 2178 ef·

113 2196 185 2243 fusior
196 2210 284 2256 quoque
302 2197 388 2243 exstitit
406 2197 492 2244 laetitia.
524 2198 558 2244 At
577 2205 665 2244 mentes
676 2198 775 2259 gramm,

113 2275 181 2320 quam
197 2275 297 2322 corpora,
315 2276 375 2322 saepe
392 2262 471 2323 affligit
488 2263 562 2309 libido.
597 2262 657 2309 Sano
678 2260 778 2310 Caesaris

112 2340 212 2386 corpore,
224 2340 288 2372 mens
299 2341 367 2387 aegra,
376 2342 419 2373 nec
427 2328 518 2373 remedii
528 2328 623 2389 patiens,
635 2327 663 2373 ad
674 2327 729 2373 vitia
737 2325 777 2372 de-

111 2389 170 2435 labi:
191 2389 293 2451 gloriam,
310 2392 460 2447 ambitionem,
481 2393 560 2452 quibus
580 2393 607 2439 ad
618 2391 740 2445 infamiam,
758 2390 776 2437 si

114 2468 128 2501 a
149 2455 233 2501 virtute
251 2454 375 2511 deflexeris,
392 2457 448 2502 nihil
464 2458 566 2510 validius,
585 2456 680 2503 sectari:
701 2456 776 2502 nullus

104 2532 176 2588 Πρω
188 2530 287 2572 ceteros
299 2522 416 2570 eminendi
430 2522 524 2567 modus.
551 2519 705 2573 Primumque
712 2519 787 2559 scelus

161 2591 184 2641 ia
196 2591 255 2641 vicit
266 2589 399 2656 superioris
407 2583 556 2651 principatus
563 2580 676 2650 iudanom.
735 2630 768 2672 m

48 2530 228 2806 *stills
239 2663 310 2713 enim
328 2655 469 2709 Tiberium,
488 2648 591 2695 lrntrem
605 2636 680 2686 simul
695 2639 723 2678 et
762 2642 823 2678 xmo,

675 2784 830 2806 ⁴-
