<?xml version="1.0" encoding="UTF-8"?>
<!DOCTYPE html PUBLIC "-//W3C//DTD XHTML 1.0 Transitional//EN"
    "http://www.w3.org/TR/xhtml1/DTD/xhtml1-transitional.dtd">
<html xmlns="http://www.w3.org/1999/xhtml" xml:lang="en" lang="en">
 <head>
  <title>
</title>
<meta http-equiv="Content-Type" content="text/html;charset=utf-8" />
  <meta name='ocr-system' content='tesseract 3.04.00' />
  <meta name='ocr-capabilities' content='ocr_page ocr_carea ocr_par ocr_line ocrx_word'/>
</head>
<body>
  <div class='ocr_page' id='page_1' title='image "./ccorneliitaciti00obergoog_0231.png"; bbox 0 0 1680 2910; ppageno 0'>
   <div class='ocr_carea' id='block_1_1' title="bbox 118 116 787 177">
    <p class='ocr_par' dir='ltr' id='par_1_1' title="bbox 118 116 787 177">
     <span class='ocr_line' id='line_1_1' title="bbox 118 116 787 177; baseline -0.006 -5"><span class='ocrx_word' id='word_1_1' title='bbox 118 126 168 171; x_wconf 81' lang='lat' dir='ltr'><strong>aaa</strong></span> <span class='ocrx_word' id='word_1_2' title='bbox 312 116 630 171; x_wconf 71' lang='lat' dir='ltr'><strong>SUPPLEMENTUM:</strong></span> <span class='ocrx_word' id='word_1_3' title='bbox 672 122 787 177; x_wconf 67' lang='lat' dir='ltr'><strong>uentu</strong></span> 
     </span>
    </p>
   </div>
   <div class='ocr_carea' id='block_1_2' title="bbox 121 250 839 2716">
    <p class='ocr_par' dir='ltr' id='par_1_2' title="bbox 122 250 789 496">
     <span class='ocr_line' id='line_1_2' title="bbox 122 250 788 316; baseline -0.002 -14"><span class='ocrx_word' id='word_1_4' title='bbox 122 255 216 316; x_wconf 80' lang='lat' dir='ltr'><strong>accepit</strong></span> <span class='ocrx_word' id='word_1_5' title='bbox 239 252 368 300; x_wconf 83' lang='lat' dir='ltr'><strong>Antiochus</strong></span> <span class='ocrx_word' id='word_1_6' title='bbox 375 254 398 299; x_wconf 88' lang='lat' dir='ltr'><strong>in</strong></span> <span class='ocrx_word' id='word_1_7' title='bbox 410 250 669 314; x_wconf 71' lang='lat' dir='ltr'><strong>Commagenenpatre</strong></span> <span class='ocrx_word' id='word_1_8' title='bbox 678 251 788 307; x_wconf 68' lang='lat' dir='ltr'><strong>defuncta</strong></span> 
     </span>
     <span class='ocr_line' id='line_1_3' title="bbox 122 316 789 381; baseline -0.003 -14"><span class='ocrx_word' id='word_1_9' title='bbox 122 320 152 367; x_wconf 86' lang='lat' dir='ltr'><strong>ad</strong></span> <span class='ocrx_word' id='word_1_10' title='bbox 158 321 198 381; x_wconf 86' lang='lat' dir='ltr'><strong>jus</strong></span> <span class='ocrx_word' id='word_1_11' title='bbox 207 319 311 381; x_wconf 77' lang='lat' dir='ltr'><strong>praetoris</strong></span> <span class='ocrx_word' id='word_1_12' title='bbox 322 319 459 372; x_wconf 77' lang='lat' dir='ltr'><strong>translatam,</strong></span> <span class='ocrx_word' id='word_1_13' title='bbox 469 316 513 363; x_wconf 79' lang='lat' dir='ltr'><strong>fuit</strong></span> <span class='ocrx_word' id='word_1_14' title='bbox 523 318 656 364; x_wconf 67' lang='lat' dir='ltr'><strong>restitutum</strong></span> <span class='ocrx_word' id='word_1_15' title='bbox 675 319 725 381; x_wconf 80' lang='lat' dir='ltr'><strong>ejm</strong></span> <span class='ocrx_word' id='word_1_16' title='bbox 735 334 789 379; x_wconf 89' lang='lat' dir='ltr'><strong>quo·</strong></span> 
     </span>
     <span class='ocr_line' id='line_1_4' title="bbox 123 380 789 445; baseline 0.002 -15"><span class='ocrx_word' id='word_1_17' title='bbox 123 400 169 445; x_wconf 88' lang='lat' dir='ltr'><strong>que</strong></span> <span class='ocrx_word' id='word_1_18' title='bbox 179 399 251 445; x_wconf 80' lang='lat' dir='ltr'><strong>regno</strong></span> <span class='ocrx_word' id='word_1_19' title='bbox 262 384 348 445; x_wconf 84' lang='lat' dir='ltr'><strong>adjecta</strong></span> <span class='ocrx_word' id='word_1_20' title='bbox 359 380 447 429; x_wconf 83' lang='lat' dir='ltr'><strong>Ciliciae</strong></span> <span class='ocrx_word' id='word_1_21' title='bbox 456 382 585 439; x_wconf 86' lang='lat' dir='ltr'><strong>maritima;</strong></span> <span class='ocrx_word' id='word_1_22' title='bbox 601 382 671 442; x_wconf 82' lang='lat' dir='ltr'><strong>eique</strong></span> <span class='ocrx_word' id='word_1_23' title='bbox 681 382 789 431; x_wconf 82' lang='lat' dir='ltr'><strong>redditum</strong></span> 
     </span>
     <span class='ocr_line' id='line_1_5' title="bbox 124 448 353 496; baseline -0.017 0"><span class='ocrx_word' id='word_1_24' title='bbox 124 450 253 496; x_wconf 75' lang='lat' dir='ltr'><strong>sestertium</strong></span> <span class='ocrx_word' id='word_1_25' title='bbox 265 448 353 493; x_wconf 82' lang='lat' dir='ltr'><strong>millies.</strong></span> 
     </span>
    </p>

    <p class='ocr_par' dir='ltr' id='par_1_3' title="bbox 125 510 794 1093">
     <span class='ocr_line' id='line_1_6' title="bbox 157 510 790 577; baseline -0.002 -17"><span class='ocrx_word' id='word_1_26' title='bbox 157 512 267 577; x_wconf 87' lang='lat' dir='ltr'><strong>[Faustos</strong></span> <span class='ocrx_word' id='word_1_27' title='bbox 284 526 350 558; x_wconf 83' lang='lat' dir='ltr'><strong>novae</strong></span> <span class='ocrx_word' id='word_1_28' title='bbox 361 510 519 559; x_wconf 85' lang='lat' dir='ltr'><strong>dominationis</strong></span> <span class='ocrx_word' id='word_1_29' title='bbox 530 511 630 565; x_wconf 82' lang='lat' dir='ltr'><strong>nuntios,</strong></span> <span class='ocrx_word' id='word_1_30' title='bbox 647 527 690 573; x_wconf 89' lang='lat' dir='ltr'><strong>per</strong></span> <span class='ocrx_word' id='word_1_31' title='bbox 699 513 790 574; x_wconf 82' lang='lat' dir='ltr'><strong>provin·</strong></span> 
     </span>
     <span class='ocr_line' id='line_1_7' title="bbox 125 575 791 639; baseline -0.002 -14"><span class='ocrx_word' id='word_1_32' title='bbox 125 580 171 625; x_wconf 87' lang='lat' dir='ltr'><strong>cias</strong></span> <span class='ocrx_word' id='word_1_33' title='bbox 182 580 206 624; x_wconf 91' lang='lat' dir='ltr'><strong>in</strong></span> <span class='ocrx_word' id='word_1_34' title='bbox 219 579 291 639; x_wconf 87' lang='lat' dir='ltr'><strong>majus</strong></span> <span class='ocrx_word' id='word_1_35' title='bbox 302 577 392 630; x_wconf 81' lang='lat' dir='ltr'><strong>diditus,</strong></span> <span class='ocrx_word' id='word_1_36' title='bbox 404 575 474 622; x_wconf 87' lang='lat' dir='ltr'><strong>audiit</strong></span> <span class='ocrx_word' id='word_1_37' title='bbox 486 576 623 629; x_wconf 81' lang='lat' dir='ltr'><strong>Artahmus,</strong></span> <span class='ocrx_word' id='word_1_38' title='bbox 639 575 722 639; x_wconf 78' lang='lat' dir='ltr'><strong>fugato</strong></span> <span class='ocrx_word' id='word_1_39' title='bbox 732 576 791 624; x_wconf 83' lang='lat' dir='ltr'><strong>&#39;liri-</strong></span> 
     </span>
     <span class='ocr_line' id='line_1_8' title="bbox 127 639 792 704; baseline -0.003 -14"><span class='ocrx_word' id='word_1_40' title='bbox 127 644 184 697; x_wconf 83' lang='lat' dir='ltr'><strong>date,</strong></span> <span class='ocrx_word' id='word_1_41' title='bbox 196 650 330 704; x_wconf 84' lang='lat' dir='ltr'><strong>receptoque</strong></span> <span class='ocrx_word' id='word_1_42' title='bbox 341 655 412 701; x_wconf 81' lang='lat' dir='ltr'><strong>regne</strong></span> <span class='ocrx_word' id='word_1_43' title='bbox 426 639 499 687; x_wconf 80' lang='lat' dir='ltr'><strong>ferox.</strong></span> <span class='ocrx_word' id='word_1_44' title='bbox 528 639 592 687; x_wconf 85' lang='lat' dir='ltr'><strong>Mox</strong></span> <span class='ocrx_word' id='word_1_45' title='bbox 602 639 692 687; x_wconf 72' lang='lat' dir='ltr'><strong>tutelli</strong></span> <span class='ocrx_word' id='word_1_46' title='bbox 703 643 792 697; x_wconf 76' lang='lat' dir='ltr'><strong>artibrs,</strong></span> 
     </span>
     <span class='ocr_line' id='line_1_9' title="bbox 126 704 791 766; baseline 0.002 -12"><span class='ocrx_word' id='word_1_47' title='bbox 126 716 150 754; x_wconf 88' lang='lat' dir='ltr'><strong>et</strong></span> <span class='ocrx_word' id='word_1_48' title='bbox 167 707 274 755; x_wconf 84' lang='lat' dir='ltr'><strong>adversus</strong></span> <span class='ocrx_word' id='word_1_49' title='bbox 285 705 400 752; x_wconf 80' lang='lat' dir='ltr'><strong>&#39;liberium</strong></span> <span class='ocrx_word' id='word_1_50' title='bbox 419 705 470 751; x_wconf 88' lang='lat' dir='ltr'><strong>odio</strong></span> <span class='ocrx_word' id='word_1_51' title='bbox 484 705 568 766; x_wconf 83' lang='lat' dir='ltr'><strong>potius,</strong></span> <span class='ocrx_word' id='word_1_52' title='bbox 584 720 654 766; x_wconf 85' lang='lat' dir='ltr'><strong>quam</strong></span> <span class='ocrx_word' id='word_1_53' title='bbox 670 706 696 752; x_wconf 91' lang='lat' dir='ltr'><strong>in</strong></span> <span class='ocrx_word' id='word_1_54' title='bbox 712 704 791 755; x_wconf 78' lang='lat' dir='ltr'><strong>Caium</strong></span> 
     </span>
     <span class='ocr_line' id='line_1_10' title="bbox 127 768 791 833; baseline 0 -14"><span class='ocrx_word' id='word_1_55' title='bbox 127 773 209 827; x_wconf 89' lang='lat' dir='ltr'><strong>studio,</strong></span> <span class='ocrx_word' id='word_1_56' title='bbox 227 771 305 833; x_wconf 87' lang='lat' dir='ltr'><strong>positis</strong></span> <span class='ocrx_word' id='word_1_57' title='bbox 324 769 441 816; x_wconf 81' lang='lat' dir='ltr'><strong>hostilibus</strong></span> <span class='ocrx_word' id='word_1_58' title='bbox 459 770 546 825; x_wconf 84' lang='lat' dir='ltr'><strong>animis,</strong></span> <span class='ocrx_word' id='word_1_59' title='bbox 563 768 700 832; x_wconf 77' lang='lat' dir='ltr'><strong>Euphraten</strong></span> <span class='ocrx_word' id='word_1_60' title='bbox 719 780 791 819; x_wconf 63' lang='lat' dir='ltr'><strong>uana</strong></span> 
     </span>
     <span class='ocr_line' id='line_1_11' title="bbox 128 835 793 898; baseline 0 -15"><span class='ocrx_word' id='word_1_61' title='bbox 128 851 227 898; x_wconf 85' lang='lat' dir='ltr'><strong>grcssns,</strong></span> <span class='ocrx_word' id='word_1_62' title='bbox 244 850 322 897; x_wconf 88' lang='lat' dir='ltr'><strong>pacem</strong></span> <span class='ocrx_word' id='word_1_63' title='bbox 339 835 472 897; x_wconf 77' lang='lat' dir='ltr'><strong>pacisciturr</strong></span> <span class='ocrx_word' id='word_1_64' title='bbox 496 842 571 895; x_wconf 76' lang='lat' dir='ltr'><strong>atque,</strong></span> <span class='ocrx_word' id='word_1_65' title='bbox 589 842 616 881; x_wconf 91' lang='lat' dir='ltr'><strong>nt</strong></span> <span class='ocrx_word' id='word_1_66' title='bbox 637 835 793 898; x_wconf 73' lang='lat' dir='ltr'><strong>interpositam</strong></span> 
     </span>
     <span class='ocr_line' id='line_1_12' title="bbox 127 898 793 963; baseline 0.002 -16"><span class='ocrx_word' id='word_1_67' title='bbox 127 902 195 947; x_wconf 88' lang='lat' dir='ltr'><strong>iidem</strong></span> <span class='ocrx_word' id='word_1_68' title='bbox 206 902 280 962; x_wconf 81' lang='lat' dir='ltr'><strong>magis</strong></span> <span class='ocrx_word' id='word_1_69' title='bbox 290 900 407 960; x_wconf 87' lang='lat' dir='ltr'><strong>obligaret,</strong></span> <span class='ocrx_word' id='word_1_70' title='bbox 414 898 530 945; x_wconf 85' lang='lat' dir='ltr'><strong>Romanas</strong></span> <span class='ocrx_word' id='word_1_71' title='bbox 540 899 635 959; x_wconf 81' lang='lat' dir='ltr'><strong>aquilas,</strong></span> <span class='ocrx_word' id='word_1_72' title='bbox 646 900 793 963; x_wconf 68' lang='lat' dir='ltr'><strong>Augustique</strong></span> 
     </span>
     <span class='ocr_line' id='line_1_13' title="bbox 129 963 794 1028; baseline -0.002 -16"><span class='ocrx_word' id='word_1_73' title='bbox 129 981 155 1012; x_wconf 90' lang='lat' dir='ltr'><strong>ac</strong></span> <span class='ocrx_word' id='word_1_74' title='bbox 168 963 217 1013; x_wconf 89' lang='lat' dir='ltr'><strong>Caii</strong></span> <span class='ocrx_word' id='word_1_75' title='bbox 228 966 339 1026; x_wconf 79' lang='lat' dir='ltr'>imagines</span> <span class='ocrx_word' id='word_1_76' title='bbox 356 965 463 1018; x_wconf 84' lang='lat' dir='ltr'><strong>adoravit,</strong></span> <span class='ocrx_word' id='word_1_77' title='bbox 479 964 605 1024; x_wconf 84' lang='lat' dir='ltr'><strong>liberosque</strong></span> <span class='ocrx_word' id='word_1_78' title='bbox 621 965 714 1028; x_wconf 81' lang='lat' dir='ltr'><strong>obsides</strong></span> <span class='ocrx_word' id='word_1_79' title='bbox 727 966 794 1021; x_wconf 82' lang='lat' dir='ltr'><strong>dedit,</strong></span> 
     </span>
     <span class='ocr_line' id='line_1_14' title="bbox 128 1029 764 1093; baseline 0.003 -17"><span class='ocrx_word' id='word_1_80' title='bbox 128 1031 244 1093; x_wconf 77' lang='lat' dir='ltr'><strong>dignitatis</strong></span> <span class='ocrx_word' id='word_1_81' title='bbox 255 1045 303 1076; x_wconf 84' lang='lat' dir='ltr'><strong>suae</strong></span> <span class='ocrx_word' id='word_1_82' title='bbox 313 1030 401 1083; x_wconf 87' lang='lat' dir='ltr'><strong>oblitus,</strong></span> <span class='ocrx_word' id='word_1_83' title='bbox 418 1035 444 1075; x_wconf 89' lang='lat' dir='ltr'><strong>ut</strong></span> <span class='ocrx_word' id='word_1_84' title='bbox 455 1036 542 1075; x_wconf 83' lang='lat' dir='ltr'><strong>veteres</strong></span> <span class='ocrx_word' id='word_1_85' title='bbox 552 1029 598 1075; x_wconf 85' lang='lat' dir='ltr'><strong>iras</strong></span> <span class='ocrx_word' id='word_1_86' title='bbox 608 1029 764 1078; x_wconf 74' lang='lat' dir='ltr'><strong>idcisometur.</strong></span> 
     </span>
    </p>

    <p class='ocr_par' dir='ltr' id='par_1_4' title="bbox 127 1091 797 2497">
     <span class='ocr_line' id='line_1_15' title="bbox 163 1091 794 1158; baseline 0.005 -18"><span class='ocrx_word' id='word_1_87' title='bbox 163 1093 274 1158; x_wconf 71' lang='lat' dir='ltr'><strong>[imperii</strong></span> <span class='ocrx_word' id='word_1_88' title='bbox 286 1095 314 1140; x_wconf 92' lang='lat' dir='ltr'><strong>oh</strong></span> <span class='ocrx_word' id='word_1_89' title='bbox 325 1109 402 1155; x_wconf 80' lang='lat' dir='ltr'>pacem</span> <span class='ocrx_word' id='word_1_90' title='bbox 412 1094 527 1155; x_wconf 83' lang='lat' dir='ltr'><strong>inopinato</strong></span> <span class='ocrx_word' id='word_1_91' title='bbox 533 1091 644 1141; x_wconf 86' lang='lat' dir='ltr'><strong>iirrnatam</strong></span> <span class='ocrx_word' id='word_1_92' title='bbox 652 1096 794 1151; x_wconf 84' lang='lat' dir='ltr'><strong>exsultantis,</strong></span> 
     </span>
     <span class='ocr_line' id='line_1_16' title="bbox 128 1157 794 1219; baseline 0 -12"><span class='ocrx_word' id='word_1_93' title='bbox 128 1160 209 1208; x_wconf 81' lang='lat' dir='ltr'><strong>laetitia</strong></span> <span class='ocrx_word' id='word_1_94' title='bbox 225 1160 321 1206; x_wconf 81' lang='lat' dir='ltr'><strong>increvit</strong></span> <span class='ocrx_word' id='word_1_95' title='bbox 337 1159 465 1205; x_wconf 85' lang='lat' dir='ltr'><strong>accessione</strong></span> <span class='ocrx_word' id='word_1_96' title='bbox 480 1157 616 1212; x_wconf 78' lang='lat' dir='ltr'><strong>consulatus,</strong></span> <span class='ocrx_word' id='word_1_97' title='bbox 633 1174 703 1219; x_wconf 89' lang='lat' dir='ltr'><strong>quem</strong></span> <span class='ocrx_word' id='word_1_98' title='bbox 724 1158 794 1209; x_wconf 77' lang='lat' dir='ltr'><strong>Caius</strong></span> 
     </span>
     <span class='ocr_line' id='line_1_17' title="bbox 130 1220 796 1286; baseline 0.002 -15"><span class='ocrx_word' id='word_1_99' title='bbox 130 1224 284 1286; x_wconf 78' lang='lat' dir='ltr'><strong>Claudiusque</strong></span> <span class='ocrx_word' id='word_1_100' title='bbox 295 1223 403 1272; x_wconf 84' lang='lat' dir='ltr'><strong>Calendis</strong></span> <span class='ocrx_word' id='word_1_101' title='bbox 413 1222 469 1271; x_wconf 90' lang='lat' dir='ltr'><strong>Julii</strong></span> <span class='ocrx_word' id='word_1_102' title='bbox 479 1220 557 1270; x_wconf 73' lang='lat' dir='ltr'><strong>iniire.</strong></span> <span class='ocrx_word' id='word_1_103' title='bbox 584 1222 713 1284; x_wconf 83' lang='lat' dir='ltr'><strong>Nunquam</strong></span> <span class='ocrx_word' id='word_1_104' title='bbox 723 1226 796 1273; x_wconf 80' lang='lat' dir='ltr'><strong>acrio·</strong></span> 
     </span>
     <span class='ocr_line' id='line_1_18' title="bbox 128 1286 795 1342; baseline -0.001 -6"><span class='ocrx_word' id='word_1_105' title='bbox 128 1291 190 1336; x_wconf 84' lang='lat' dir='ltr'><strong>ribus</strong></span> <span class='ocrx_word' id='word_1_106' title='bbox 207 1290 285 1336; x_wconf 88' lang='lat' dir='ltr'><strong>studiis</strong></span> <span class='ocrx_word' id='word_1_107' title='bbox 301 1296 417 1342; x_wconf 88' lang='lat' dir='ltr'><strong>certatum,</strong></span> <span class='ocrx_word' id='word_1_108' title='bbox 435 1288 526 1334; x_wconf 89' lang='lat' dir='ltr'><strong>intentis</strong></span> <span class='ocrx_word' id='word_1_109' title='bbox 537 1288 565 1334; x_wconf 87' lang='lat' dir='ltr'><strong>ad</strong></span> <span class='ocrx_word' id='word_1_110' title='bbox 575 1286 685 1335; x_wconf 86' lang='lat' dir='ltr'><strong>beneficia</strong></span> <span class='ocrx_word' id='word_1_111' title='bbox 697 1290 795 1337; x_wconf 87' lang='lat' dir='ltr'><strong>consuli·</strong></span> 
     </span>
     <span class='ocr_line' id='line_1_19' title="bbox 129 1349 795 1414; baseline 0 -13"><span class='ocrx_word' id='word_1_112' title='bbox 129 1357 178 1409; x_wconf 89' lang='lat' dir='ltr'><strong>bus,</strong></span> <span class='ocrx_word' id='word_1_113' title='bbox 190 1355 281 1401; x_wconf 84' lang='lat' dir='ltr'><strong>civitate</strong></span> <span class='ocrx_word' id='word_1_114' title='bbox 292 1354 319 1400; x_wconf 91' lang='lat' dir='ltr'><strong>ud</strong></span> <span class='ocrx_word' id='word_1_115' title='bbox 330 1355 435 1413; x_wconf 80' lang='lat' dir='ltr'><strong>obsequia</strong></span> <span class='ocrx_word' id='word_1_116' title='bbox 450 1349 527 1398; x_wconf 82' lang='lat' dir='ltr'><strong>effusi.</strong></span> <span class='ocrx_word' id='word_1_117' title='bbox 559 1351 669 1414; x_wconf 76' lang='lat' dir='ltr'><strong>Princeps</strong></span> <span class='ocrx_word' id='word_1_118' title='bbox 680 1354 704 1400; x_wconf 92' lang='lat' dir='ltr'><strong>in</strong></span> <span class='ocrx_word' id='word_1_119' title='bbox 716 1362 795 1401; x_wconf 85' lang='lat' dir='ltr'><strong>senatu</strong></span> 
     </span>
     <span class='ocr_line' id='line_1_20' title="bbox 130 1415 795 1478; baseline -0.003 -10"><span class='ocrx_word' id='word_1_120' title='bbox 130 1421 254 1468; x_wconf 85' lang='lat' dir='ltr'><strong>orationem</strong></span> <span class='ocrx_word' id='word_1_121' title='bbox 271 1419 353 1472; x_wconf 89' lang='lat' dir='ltr'><strong>habuit,</strong></span> <span class='ocrx_word' id='word_1_122' title='bbox 371 1415 416 1478; x_wconf 73' lang='lat' dir='ltr'><strong>qui</strong></span> <span class='ocrx_word' id='word_1_123' title='bbox 432 1416 547 1464; x_wconf 82' lang='lat' dir='ltr'><strong>Tiberium</strong></span> <span class='ocrx_word' id='word_1_124' title='bbox 562 1418 702 1478; x_wconf 79' lang='lat' dir='ltr'><strong>suspicacem</strong></span> <span class='ocrx_word' id='word_1_125' title='bbox 716 1426 740 1465; x_wconf 88' lang='lat' dir='ltr'><strong>et</strong></span> <span class='ocrx_word' id='word_1_126' title='bbox 756 1420 795 1466; x_wconf 89' lang='lat' dir='ltr'><strong>ob-</strong></span> 
     </span>
     <span class='ocr_line' id='line_1_21' title="bbox 131 1480 795 1539; baseline 0 -8"><span class='ocrx_word' id='word_1_127' title='bbox 131 1500 229 1539; x_wconf 88' lang='lat' dir='ltr'><strong>seumm,</strong></span> <span class='ocrx_word' id='word_1_128' title='bbox 241 1484 366 1529; x_wconf 87' lang='lat' dir='ltr'><strong>libidinibus</strong></span> <span class='ocrx_word' id='word_1_129' title='bbox 376 1482 469 1536; x_wconf 79' lang='lat' dir='ltr'><strong>ioedum,</strong></span> <span class='ocrx_word' id='word_1_130' title='bbox 481 1480 574 1528; x_wconf 75' lang='lat' dir='ltr'><strong>avaritia</strong></span> <span class='ocrx_word' id='word_1_131' title='bbox 581 1483 704 1539; x_wconf 86' lang='lat' dir='ltr'><strong>sordidum,</strong></span> <span class='ocrx_word' id='word_1_132' title='bbox 715 1484 795 1531; x_wconf 87' lang='lat' dir='ltr'><strong>crude·</strong></span> 
     </span>
     <span class='ocr_line' id='line_1_22' title="bbox 127 1547 796 1610; baseline -0.001 -15"><span class='ocrx_word' id='word_1_133' title='bbox 127 1550 193 1595; x_wconf 86' lang='lat' dir='ltr'><strong>litate</strong></span> <span class='ocrx_word' id='word_1_134' title='bbox 200 1559 306 1601; x_wconf 87' lang='lat' dir='ltr'><strong>atrocem,</strong></span> <span class='ocrx_word' id='word_1_135' title='bbox 313 1548 579 1609; x_wconf 84' lang='lat' dir='ltr'><strong>religionisincuriosum,</strong></span> <span class='ocrx_word' id='word_1_136' title='bbox 586 1547 714 1608; x_wconf 82' lang='lat' dir='ltr'><strong>reipublicae</strong></span> <span class='ocrx_word' id='word_1_137' title='bbox 720 1549 796 1610; x_wconf 83' lang='lat' dir='ltr'><strong>splen·</strong></span> 
     </span>
     <span class='ocr_line' id='line_1_23' title="bbox 129 1611 796 1674; baseline 0.001 -15"><span class='ocrx_word' id='word_1_138' title='bbox 129 1614 178 1659; x_wconf 91' lang='lat' dir='ltr'><strong>dori</strong></span> <span class='ocrx_word' id='word_1_139' title='bbox 191 1611 302 1659; x_wconf 87' lang='lat' dir='ltr'><strong>infensum</strong></span> <span class='ocrx_word' id='word_1_140' title='bbox 320 1613 456 1666; x_wconf 84' lang='lat' dir='ltr'><strong>criminatus,</strong></span> <span class='ocrx_word' id='word_1_141' title='bbox 472 1612 614 1666; x_wconf 84' lang='lat' dir='ltr'><strong>asseveravit,</strong></span> <span class='ocrx_word' id='word_1_142' title='bbox 631 1627 656 1658; x_wconf 87' lang='lat' dir='ltr'><strong>se</strong></span> <span class='ocrx_word' id='word_1_143' title='bbox 667 1614 705 1660; x_wconf 80' lang='lat' dir='ltr'><strong>avi</strong></span> <span class='ocrx_word' id='word_1_144' title='bbox 716 1614 796 1674; x_wconf 87' lang='lat' dir='ltr'><strong>patris·</strong></span> 
     </span>
     <span class='ocr_line' id='line_1_24' title="bbox 131 1677 796 1737; baseline 0.003 -15"><span class='ocrx_word' id='word_1_145' title='bbox 131 1692 176 1737; x_wconf 91' lang='lat' dir='ltr'><strong>que</strong></span> <span class='ocrx_word' id='word_1_146' title='bbox 193 1678 288 1723; x_wconf 86' lang='lat' dir='ltr'><strong>virtutes</strong></span> <span class='ocrx_word' id='word_1_147' title='bbox 300 1678 469 1723; x_wconf 82' lang='lat' dir='ltr'><strong>aemulatorum:</strong></span> <span class='ocrx_word' id='word_1_148' title='bbox 489 1678 547 1722; x_wconf 92' lang='lat' dir='ltr'><strong>inter</strong></span> <span class='ocrx_word' id='word_1_149' title='bbox 557 1677 670 1723; x_wconf 89' lang='lat' dir='ltr'><strong>exercitus</strong></span> <span class='ocrx_word' id='word_1_150' title='bbox 682 1678 796 1731; x_wconf 81' lang='lat' dir='ltr'><strong>cdrrctum,</strong></span> 
     </span>
     <span class='ocr_line' id='line_1_25' title="bbox 131 1741 797 1803; baseline 0.002 -15"><span class='ocrx_word' id='word_1_151' title='bbox 131 1741 224 1788; x_wconf 78' lang='lat' dir='ltr'><strong>senatis</strong></span> <span class='ocrx_word' id='word_1_152' title='bbox 240 1742 360 1803; x_wconf 85' lang='lat' dir='ltr'><strong>populique</strong></span> <span class='ocrx_word' id='word_1_153' title='bbox 378 1741 476 1787; x_wconf 86' lang='lat' dir='ltr'><strong>Romani</strong></span> <span class='ocrx_word' id='word_1_154' title='bbox 488 1742 609 1795; x_wconf 89' lang='lat' dir='ltr'><strong>alumnum,</strong></span> <span class='ocrx_word' id='word_1_155' title='bbox 627 1756 674 1787; x_wconf 90' lang='lat' dir='ltr'><strong>uon</strong></span> <span class='ocrx_word' id='word_1_156' title='bbox 692 1743 741 1797; x_wconf 87' lang='lat' dir='ltr'><strong>sibi,</strong></span> <span class='ocrx_word' id='word_1_157' title='bbox 758 1742 797 1789; x_wconf 89' lang='lat' dir='ltr'><strong>scd</strong></span> 
     </span>
     <span class='ocr_line' id='line_1_26' title="bbox 129 1806 797 1869; baseline 0 -16"><span class='ocrx_word' id='word_1_158' title='bbox 129 1807 209 1869; x_wconf 86' lang='lat' dir='ltr'><strong>patriae</strong></span> <span class='ocrx_word' id='word_1_159' title='bbox 217 1808 342 1854; x_wconf 87' lang='lat' dir='ltr'><strong>victurum:</strong></span> <span class='ocrx_word' id='word_1_160' title='bbox 362 1807 425 1852; x_wconf 91' lang='lat' dir='ltr'><strong>bonis</strong></span> <span class='ocrx_word' id='word_1_161' title='bbox 434 1822 460 1852; x_wconf 89' lang='lat' dir='ltr'><strong>ac</strong></span> <span class='ocrx_word' id='word_1_162' title='bbox 471 1807 558 1852; x_wconf 85' lang='lat' dir='ltr'><strong>miseris</strong></span> <span class='ocrx_word' id='word_1_163' title='bbox 567 1806 663 1861; x_wconf 78' lang='lat' dir='ltr'><strong>facilem,</strong></span> <span class='ocrx_word' id='word_1_164' title='bbox 675 1807 797 1853; x_wconf 86' lang='lat' dir='ltr'><strong>scelcribus</strong></span> 
     </span>
     <span class='ocr_line' id='line_1_27' title="bbox 131 1870 797 1933; baseline -0.002 -15"><span class='ocrx_word' id='word_1_165' title='bbox 131 1879 219 1918; x_wconf 84' lang='lat' dir='ltr'><strong>tontum</strong></span> <span class='ocrx_word' id='word_1_166' title='bbox 245 1872 412 1931; x_wconf 80' lang='lat' dir='ltr'><strong>implacabilem,</strong></span> <span class='ocrx_word' id='word_1_167' title='bbox 435 1871 489 1916; x_wconf 91' lang='lat' dir='ltr'><strong>nihil</strong></span> <span class='ocrx_word' id='word_1_168' title='bbox 511 1870 670 1917; x_wconf 88' lang='lat' dir='ltr'><strong>dominationis</strong></span> <span class='ocrx_word' id='word_1_169' title='bbox 690 1886 797 1933; x_wconf 84' lang='lat' dir='ltr'><strong>usurpare</strong></span> 
     </span>
     <span class='ocr_line' id='line_1_28' title="bbox 131 1935 796 1996; baseline -0.002 -13"><span class='ocrx_word' id='word_1_170' title='bbox 131 1937 196 1989; x_wconf 83' lang='lat' dir='ltr'><strong>velle,</strong></span> <span class='ocrx_word' id='word_1_171' title='bbox 208 1936 251 1982; x_wconf 84' lang='lat' dir='ltr'><strong>nisi</strong></span> <span class='ocrx_word' id='word_1_172' title='bbox 263 1944 287 1982; x_wconf 92' lang='lat' dir='ltr'><strong>ut</strong></span> <span class='ocrx_word' id='word_1_173' title='bbox 298 1935 364 1981; x_wconf 84' lang='lat' dir='ltr'><strong>deum</strong></span> <span class='ocrx_word' id='word_1_174' title='bbox 374 1950 442 1990; x_wconf 89' lang='lat' dir='ltr'><strong>sacra,</strong></span> <span class='ocrx_word' id='word_1_175' title='bbox 451 1936 597 1996; x_wconf 82' lang='lat' dir='ltr'><strong>civiumjura,</strong></span> <span class='ocrx_word' id='word_1_176' title='bbox 607 1935 721 1996; x_wconf 86' lang='lat' dir='ltr'><strong>publicam</strong></span> <span class='ocrx_word' id='word_1_177' title='bbox 729 1937 796 1982; x_wconf 91' lang='lat' dir='ltr'><strong>liber·</strong></span> 
     </span>
     <span class='ocr_line' id='line_1_29' title="bbox 130 1999 797 2062; baseline -0.001 -14"><span class='ocrx_word' id='word_1_178' title='bbox 130 2008 201 2048; x_wconf 81' lang='lat' dir='ltr'><strong>tatem</strong></span> <span class='ocrx_word' id='word_1_179' title='bbox 213 2007 314 2046; x_wconf 85' lang='lat' dir='ltr'><strong>tueatur:</strong></span> <span class='ocrx_word' id='word_1_180' title='bbox 333 2001 387 2046; x_wconf 83' lang='lat' dir='ltr'><strong>satis</strong></span> <span class='ocrx_word' id='word_1_181' title='bbox 401 2014 484 2061; x_wconf 84' lang='lat' dir='ltr'><strong>magna</strong></span> <span class='ocrx_word' id='word_1_182' title='bbox 498 1999 553 2053; x_wconf 84' lang='lat' dir='ltr'><strong>iore,</strong></span> <span class='ocrx_word' id='word_1_183' title='bbox 570 2014 641 2060; x_wconf 85' lang='lat' dir='ltr'><strong>eaque</strong></span> <span class='ocrx_word' id='word_1_184' title='bbox 657 2014 703 2046; x_wconf 90' lang='lat' dir='ltr'><strong>una</strong></span> <span class='ocrx_word' id='word_1_185' title='bbox 714 2008 797 2062; x_wconf 86' lang='lat' dir='ltr'><strong>optare,</strong></span> 
     </span>
     <span class='ocr_line' id='line_1_30' title="bbox 131 2064 797 2128; baseline 0 -17"><span class='ocrx_word' id='word_1_186' title='bbox 131 2065 270 2128; x_wconf 76' lang='lat' dir='ltr'><strong>principatus</strong></span> <span class='ocrx_word' id='word_1_187' title='bbox 280 2065 314 2110; x_wconf 81' lang='lat' dir='ltr'><strong>sui</strong></span> <span class='ocrx_word' id='word_1_188' title='bbox 323 2065 409 2116; x_wconf 88' lang='lat' dir='ltr'><strong>decora,</strong></span> <span class='ocrx_word' id='word_1_189' title='bbox 418 2064 511 2110; x_wconf 85' lang='lat' dir='ltr'><strong>illaesam</strong></span> <span class='ocrx_word' id='word_1_190' title='bbox 520 2064 607 2126; x_wconf 91' lang='lat' dir='ltr'><strong>imperii</strong></span> <span class='ocrx_word' id='word_1_191' title='bbox 615 2065 763 2125; x_wconf 72' lang='lat' dir='ltr'><strong>majestatem,</strong></span> <span class='ocrx_word' id='word_1_192' title='bbox 774 2072 797 2111; x_wconf 88' lang='lat' dir='ltr'><strong>et</strong></span> 
     </span>
     <span class='ocr_line' id='line_1_31' title="bbox 131 2128 796 2191; baseline 0 -15"><span class='ocrx_word' id='word_1_193' title='bbox 131 2139 239 2176; x_wconf 86' lang='lat' dir='ltr'><strong>assertam</strong></span> <span class='ocrx_word' id='word_1_194' title='bbox 251 2129 327 2191; x_wconf 91' lang='lat' dir='ltr'><strong>populi</strong></span> <span class='ocrx_word' id='word_1_195' title='bbox 336 2128 474 2174; x_wconf 80' lang='lat' dir='ltr'><strong>felicitatem.</strong></span> <span class='ocrx_word' id='word_1_196' title='bbox 506 2128 567 2174; x_wconf 82' lang='lat' dir='ltr'><strong>Haeo</strong></span> <span class='ocrx_word' id='word_1_197' title='bbox 578 2138 662 2188; x_wconf 89' lang='lat' dir='ltr'><strong>quanto</strong></span> <span class='ocrx_word' id='word_1_198' title='bbox 673 2131 746 2176; x_wconf 86' lang='lat' dir='ltr'><strong>rarius</strong></span> <span class='ocrx_word' id='word_1_199' title='bbox 757 2145 796 2176; x_wconf 88' lang='lat' dir='ltr'><strong>au·</strong></span> 
     </span>
     <span class='ocr_line' id='line_1_32' title="bbox 132 2192 796 2256; baseline 0.002 -17"><span class='ocrx_word' id='word_1_200' title='bbox 132 2195 184 2247; x_wconf 82' lang='lat' dir='ltr'><strong>dita,</strong></span> <span class='ocrx_word' id='word_1_201' title='bbox 203 2201 265 2239; x_wconf 84' lang='lat' dir='ltr'><strong>tanto</strong></span> <span class='ocrx_word' id='word_1_202' title='bbox 276 2194 363 2239; x_wconf 83' lang='lat' dir='ltr'><strong>avidius</strong></span> <span class='ocrx_word' id='word_1_203' title='bbox 374 2200 471 2254; x_wconf 86' lang='lat' dir='ltr'><strong>accepta.</strong></span> <span class='ocrx_word' id='word_1_204' title='bbox 503 2192 537 2239; x_wconf 88' lang='lat' dir='ltr'><strong>Et</strong></span> <span class='ocrx_word' id='word_1_205' title='bbox 547 2208 576 2239; x_wconf 87' lang='lat' dir='ltr'><strong>uc</strong></span> <span class='ocrx_word' id='word_1_206' title='bbox 586 2193 688 2255; x_wconf 88' lang='lat' dir='ltr'><strong>principi,</strong></span> <span class='ocrx_word' id='word_1_207' title='bbox 706 2195 744 2255; x_wconf 91' lang='lat' dir='ltr'><strong>qui</strong></span> <span class='ocrx_word' id='word_1_208' title='bbox 756 2210 796 2256; x_wconf 90' lang='lat' dir='ltr'><strong>op-</strong></span> 
     </span>
     <span class='ocr_line' id='line_1_33' title="bbox 131 2256 796 2312; baseline -0.002 -8"><span class='ocrx_word' id='word_1_209' title='bbox 131 2259 200 2304; x_wconf 90' lang='lat' dir='ltr'><strong>timus</strong></span> <span class='ocrx_word' id='word_1_210' title='bbox 211 2258 332 2311; x_wconf 78' lang='lat' dir='ltr'><strong>videbatur,</strong></span> <span class='ocrx_word' id='word_1_211' title='bbox 344 2257 403 2303; x_wconf 91' lang='lat' dir='ltr'><strong>malo</strong></span> <span class='ocrx_word' id='word_1_212' title='bbox 414 2256 462 2303; x_wconf 90' lang='lat' dir='ltr'><strong>lieri</strong></span> <span class='ocrx_word' id='word_1_213' title='bbox 471 2257 555 2312; x_wconf 88' lang='lat' dir='ltr'><strong>liceret,</strong></span> <span class='ocrx_word' id='word_1_214' title='bbox 567 2257 681 2304; x_wconf 89' lang='lat' dir='ltr'><strong>decretum</strong></span> <span class='ocrx_word' id='word_1_215' title='bbox 694 2274 708 2305; x_wconf 91' lang='lat' dir='ltr'><strong>a</strong></span> <span class='ocrx_word' id='word_1_216' title='bbox 719 2270 796 2306; x_wconf 85' lang='lat' dir='ltr'><strong>senatu</strong></span> 
     </span>
     <span class='ocr_line' id='line_1_34' title="bbox 133 2322 795 2383; baseline 0.002 -14"><span class='ocrx_word' id='word_1_217' title='bbox 133 2330 159 2370; x_wconf 92' lang='lat' dir='ltr'><strong>ut</strong></span> <span class='ocrx_word' id='word_1_218' title='bbox 170 2324 218 2383; x_wconf 88' lang='lat' dir='ltr'><strong>ejus</strong></span> <span class='ocrx_word' id='word_1_219' title='bbox 230 2323 300 2368; x_wconf 87' lang='lat' dir='ltr'><strong>oratio</strong></span> <span class='ocrx_word' id='word_1_220' title='bbox 317 2323 436 2381; x_wconf 89' lang='lat' dir='ltr'><strong>quotannis</strong></span> <span class='ocrx_word' id='word_1_221' title='bbox 453 2322 596 2369; x_wconf 81' lang='lat' dir='ltr'><strong>recitaretur:</strong></span> <span class='ocrx_word' id='word_1_222' title='bbox 617 2323 682 2382; x_wconf 88' lang='lat' dir='ltr'><strong>quasi</strong></span> <span class='ocrx_word' id='word_1_223' title='bbox 698 2324 795 2370; x_wconf 88' lang='lat' dir='ltr'><strong>adultum</strong></span> 
     </span>
     <span class='ocr_line' id='line_1_35' title="bbox 133 2386 796 2449; baseline 0.002 -16"><span class='ocrx_word' id='word_1_224' title='bbox 133 2388 295 2433; x_wconf 85' lang='lat' dir='ltr'><strong>dominantium</strong></span> <span class='ocrx_word' id='word_1_225' title='bbox 313 2386 424 2432; x_wconf 84' lang='lat' dir='ltr'><strong>licentiam</strong></span> <span class='ocrx_word' id='word_1_226' title='bbox 447 2397 572 2433; x_wconf 87' lang='lat' dir='ltr'><strong>moraretur</strong></span> <span class='ocrx_word' id='word_1_227' title='bbox 586 2388 689 2449; x_wconf 88' lang='lat' dir='ltr'><strong>pristinae</strong></span> <span class='ocrx_word' id='word_1_228' title='bbox 707 2390 796 2435; x_wconf 80' lang='lat' dir='ltr'><strong>virtutis</strong></span> 
     </span>
     <span class='ocr_line' id='line_1_36' title="bbox 133 2467 248 2497; baseline 0.009 -1"><span class='ocrx_word' id='word_1_229' title='bbox 133 2467 248 2497; x_wconf 82' lang='lat' dir='ltr'><strong>mcmona.</strong></span> 
     </span>
    </p>

    <p class='ocr_par' dir='ltr' id='par_1_5' title="bbox 121 2514 839 2716">
     <span class='ocr_line' id='line_1_37' title="bbox 160 2514 800 2585; baseline -0.013 -18"><span class='ocrx_word' id='word_1_230' title='bbox 160 2516 274 2585; x_wconf 89' lang='lat' dir='ltr'><strong>[Interim</strong></span> <span class='ocrx_word' id='word_1_231' title='bbox 287 2514 378 2570; x_wconf 81' lang='lat' dir='ltr'><strong>Caesar,</strong></span> <span class='ocrx_word' id='word_1_232' title='bbox 384 2516 672 2574; x_wconf 66' lang='lat' dir='ltr'><strong>iuturorumimpros‘xdua,</strong></span> <span class='ocrx_word' id='word_1_233' title='bbox 677 2516 748 2559; x_wconf 72' lang='lat' dir='ltr'><strong>iactu</strong></span> <span class='ocrx_word' id='word_1_234' title='bbox 752 2532 800 2559; x_wconf 71' lang='lat' dir='ltr'><strong>ma-</strong></span> 
     </span>
     <span class='ocr_line' id='line_1_38' title="bbox 125 2578 824 2652; baseline -0.031 -16"><span class='ocrx_word' id='word_1_235' title='bbox 125 2588 172 2652; x_wconf 68' lang='lat' dir='ltr'><strong>gis,</strong></span> <span class='ocrx_word' id='word_1_236' title='bbox 193 2603 265 2652; x_wconf 88' lang='lat' dir='ltr'><strong>quam</strong></span> <span class='ocrx_word' id='word_1_237' title='bbox 278 2586 367 2638; x_wconf 84' lang='lat' dir='ltr'><strong>verbis,</strong></span> <span class='ocrx_word' id='word_1_238' title='bbox 375 2580 474 2628; x_wconf 66' lang='lat' dir='ltr'><strong>‘linem</strong></span> <span class='ocrx_word' id='word_1_239' title='bbox 488 2578 732 2642; x_wconf 53' lang='lat' dir='ltr'><strong>iuvidiam-monere,</strong></span> <span class='ocrx_word' id='word_1_240' title='bbox 743 2581 824 2616; x_wconf 59' lang='lat' dir='ltr'><strong>natm</strong></span> 
     </span>
     <span class='ocr_line' id='line_1_39' title="bbox 121 2637 839 2716; baseline -0.019 -11"><span class='ocrx_word' id='word_1_241' title='bbox 121 2657 179 2708; x_wconf 87' lang='lat' dir='ltr'><strong>odia</strong></span> <span class='ocrx_word' id='word_1_242' title='bbox 193 2670 331 2716; x_wconf 78' lang='lat' dir='ltr'><strong>renovare3</strong></span> <span class='ocrx_word' id='word_1_243' title='bbox 353 2637 839 2700; x_wconf 46' lang='lat' dir='ltr'><strong>adliberal&#39;natem»immillffiiffiw</strong></span> 
     </span>
    </p>
   </div>
   <div class='ocr_carea' id='block_1_3' title="bbox 707 2790 839 2805">
    <p class='ocr_par' dir='ltr' id='par_1_6' title="bbox 707 2790 839 2805">
     <span class='ocr_line' id='line_1_40' title="bbox 707 2790 839 2805; baseline 0 0"><span class='ocrx_word' id='word_1_244' title='bbox 707 2790 839 2805; x_wconf 52' lang='lat'><strong>—*</strong></span> 
     </span>
    </p>
   </div>
   <div class='ocr_carea' id='block_1_4' title="bbox 0 0 858 2910">
    <p class='ocr_par' dir='ltr' id='par_1_7' title="bbox 0 0 858 2910">
     <span class='ocr_line' id='line_1_41' title="bbox 0 0 858 2910; baseline 0 0"><span class='ocrx_word' id='word_1_245' title='bbox 0 0 858 2910; x_wconf 95' lang='lat' dir='ltr'><strong> </strong></span> 
     </span>
    </p>
   </div>
   <div class='ocr_carea' id='block_1_5' title="bbox 122 2860 178 2899">
    <p class='ocr_par' dir='ltr' id='par_1_8' title="bbox 122 2860 178 2899">
     <span class='ocr_line' id='line_1_42' title="bbox 122 2860 178 2873; baseline -0.036 -1"><span class='ocrx_word' id='word_1_246' title='bbox 122 2860 178 2873; x_wconf 78' lang='grc' dir='ltr'>ιι.-</span> 
     </span>
     <span class='ocr_line' id='line_1_43' title="bbox 122 2878 174 2899; baseline -0.038 -5"><span class='ocrx_word' id='word_1_247' title='bbox 122 2878 174 2899; x_wconf 73' lang='grc' dir='ltr'><strong>μ·-</strong></span> 
     </span>
    </p>
   </div>
  </div>
 </body>
</html>
