1680 2910
130 84 177 177 '16'
212 120 403 174 ANNALIUM
420 118 645 172 Lmlhcunuz
678 122 810 175 meane(

131 257 211 320 oppido
222 271 236 302 e
247 253 348 317 Canopo.
382 251 510 302 condidere
523 253 546 300 id
558 252 668 316 Spertrni
680 254 710 301 oh
719 250 797 317 sepul·

111 366 114 373 ,
131 332 179 368 tum
190 321 237 368 illie
247 328 357 367 rectorem
368 320 439 374 nevis,
455 317 588 380 Canopum
605 317 651 379 qud
662 325 798 382 tempestate

132 386 260 440 Menelaiis,
269 386 383 433 Graeciam
394 392 504 445 repetens,
516 383 628 429 diversum
639 384 668 429 ad
678 398 741 431 mure
749 394 796 431 ter·

131 465 224 511 remque
234 449 331 510 Libyam
342 449 448 512 dejectus.
476 447 533 494 lude
545 448 673 509 proximum
685 450 797 496 omnisne

131 516 229 562 dicatum
242 513 344 569 Herculi,
363 528 429 574 quem
441 513 555 574 indigenae
567 520 641 559 ortum
652 514 712 574 rpud
723 529 755 568 se,
771 521 796 560 et

132 580 311 640 antiquissimum
332 579 456 640 perhibent,
475 592 564 638 eosque,
587 578 624 638 qui
646 585 726 639 postea
747 579 795 640 puri

132 645 216 691 virtute
226 643 316 698 suerint,
327 643 351 688 in
362 649 537 704 cognomentum
549 643 597 705 eJua
608 641 722 690 mentun:
741 656 797 690 mox

132 710 186 756 visit
202 717 304 756 vetermn
320 706 448 753 Thebarum
459 721 542 767 magns
553 707 662 767 vestigio:
681 716 707 754 et
716 722 795 755 mone·

132 774 186 820 bant
197 773 287 820 structis
297 771 393 818 molibus
404 771 474 816 literae
485 770 611 832 AEgyptiae,
629 772 727 832 priorem
738 789 796 835 opu·

133 839 225 885 lentium
240 837 377 898 complexae:
393 836 515 897 jussusque
532 836 680 882 esenioribus
691 838 797 884 secerdo-

132 911 181 950 tum
191 903 287 964 putrium
299 915 426 947 sermonem
437 900 584 960 iuterpretrri,
601 899 718 956 referebat,
732 901 798 963 hrbig

132 965 193 1014 tdsse
203 967 315 1027 quondum
326 966 468 1027 septingenta
478 965 547 1010 millia
557 972 626 1012 aetrte
635 965 740 1012 militari:
760 973 796 1013 et·

133 1048 177 1093 que
196 1047 224 1078 eo
234 1046 285 1078 oum
298 1031 396 1076 exercitu
409 1044 485 1090 regem
494 1028 610 1076 Rhamsen
622 1027 701 1090 Libya,
717 1029 797 1077 AEtlri·

132 1095 190 1159 opii,
202 1096 323 1157 Medisque
333 1103 357 1142 et
367 1093 443 1141 Persis
454 1101 477 1139 et
488 1093 608 1141 Bactriano
619 1109 646 1140 ao
657 1093 744 1156 scythi
754 1110 796 1157 po·

132 1163 214 1218 titum;
231 1175 329 1222 quasque
347 1167 418 1206 terras
435 1159 486 1219 Syri
497 1158 643 1219 Armeniique
660 1167 683 1205 et
693 1160 797 1222 contigui

134 1225 279 1289 Cappadoces
289 1224 372 1279 colunt,
383 1224 436 1270 inde
446 1222 578 1284 Bithynum,
589 1224 642 1271 hinc
657 1222 755 1285 Lycium
768 1224 797 1272 ud

133 1287 797 1415 itli’ltt‘lssshlzhglthllh‘lilith?

135 1436 184 1468 rum
196 1433 354 1480 equorumque,
366 1425 390 1464 et
400 1418 458 1464 dona
468 1417 564 1478 templis,
581 1419 641 1472 ebur,
657 1427 725 1478 etque
739 1420 795 1467 odo·

135 1501 181 1541 res,
197 1499 296 1544 quasque
313 1483 387 1544 copias
398 1482 503 1528 frumenti
520 1490 543 1527 et
554 1484 653 1528 omniurn
666 1484 795 1531 utensilium

134 1564 230 1610 quaeque
241 1549 301 1594 natio
311 1548 424 1608 penderet,
435 1548 494 1592 haud
505 1548 579 1593 minus
589 1546 716 1610 magnifica,
727 1563 795 1610 quum

135 1628 195 1660 nune
206 1614 229 1658 vi
241 1612 375 1659 Parthorum
387 1619 425 1657 aut
437 1611 537 1672 potentii
547 1610 652 1659 Romani
657 1613 774 1675 jubentur.

167 1675 237 1723 LXI.
254 1676 367 1725 Ceterum
380 1676 528 1724 Gennauic'us
539 1677 587 1723 aliis
598 1692 687 1737 quoque
697 1679 797 1741 misnen-⁸

133 1744 161 1790 lis
172 1742 267 1788 intendit
278 1743 392 1788 animumz
411 1756 505 1802 quorum
517 1742 629 1802 praecipuu
642 1739 705 1789 fuere
716 1742 798 1803 Memq

133 1808 199 1855 nonis
209 1821 277 1853 saxee
286 1805 379 1868 effigies,
392 1807 427 1850 ubi
438 1806 505 1851 radiis
516 1805 569 1851 solis
579 1806 624 1852 iota
634 1814 675 1861 est,
692 1804 794 1854 vocalem

133 1887 214 1920 sonum
233 1870 342 1917 reddens:
368 1871 514 1932 disjectusque
531 1871 589 1916 inter
607 1880 631 1917 et
649 1872 688 1918 vix
706 1873 795 1934 pervisa

133 1952 218 1991 arenas,
229 1937 300 1982 instar
310 1936 419 1982 montium
431 1935 517 1980 eductae
528 1936 661 1996 pyramides,
672 1937 795 1984 certamine

132 2011 156 2050 et
167 2003 245 2064 opibus
256 2015 350 2061 regum:
369 2000 475 2060 lacusque
491 1997 573 2046 effossi
590 2001 666 2055 humo,
683 1998 795 2064 superfluss

131 2069 190 2114 entis
203 2066 250 2112 Nili
261 2065 415 2126 receptuculs5
432 2072 499 2124 etque
512 2064 562 2110 alibi
579 2067 691 2126 angustiae
707 2073 731 2113 et
740 2082 794 2129 pro·

131 2132 201 2178 lunda
211 2130 312 2185 altitudo,
325 2129 391 2175 nullis
401 2129 559 2187 inquirentium
577 2132 654 2190 spatiis
666 2132 793 2191 penetrabi-

130 2197 166 2243 lis.
197 2195 260 2241 Exin
271 2201 363 2240 ventum
376 2193 540 2253 Elephantinen
549 2209 574 2240 uc
587 2195 686 2254 Syenen,
698 2195 795 2243 claustra

131 2261 185 2306 olim
197 2253 295 2305 Roinani
314 2257 415 2319 imperii;
432 2258 491 2316 quod
510 2273 569 2304 nunc
586 2260 676 2305 rubrum
692 2261 720 2306 ud
732 2262 794 2307 mnne

145 2324 230 2371 etescit

129 2340 145 2387 p
164 2385 247 2433 Lxll.
263 2385 326 2432 Dum
339 2401 366 2432 eu
376 2393 442 2432 aestas
456 2387 591 2434 Germanico
602 2390 677 2450 plures
687 2405 727 2452 per
739 2404 793 2452 pro·

130 2452 216 2501 vincins
227 2452 363 2512 transigitur,
375 2452 433 2497 haud
441 2452 491 2497 leve
502 2453 569 2499 decus
578 2452 670 2501 Drusus
680 2456 794 2514 quaesivit,

127 2518 224 2565 illiciens
245 2516 372 2563 Germanos
386 2515 415 2562 ad
425 2516 561 2572 discordius;
579 2526 647 2578 utque
660 2518 732 2567 fracto
743 2521 792 2582 jam

115 2582 268 2633 Maroboduo
280 2598 354 2646 usque
369 2583 394 2630 in
405 2583 502 2629 exitium
511 2582 662 2629 insisteretur.
690 2583 798 2627 ant'xn-

105 2655 145 2697 ter
156 2650 271 2702 Gotones
290 2652 379 2702 nobilis
394 2649 493 2717 juvenis
507 2647 606 2695 nonime
621 2642 745 2695 Catualda,
757 2658 816 2701 pro·
