1680 2910
13 2622 73 2822 l

89 64 138 109 nos
171 34 364 107 ANNALIUM
375 58 429 107 ιιι
438 52 484 107 vt
496 56 557 109 cn.
565 62 612 107 ae.
642 56 756 109 moret

89 207 132 238 vor
142 198 166 238 ct
176 191 300 245 admiratio,
312 190 416 237 callidum
427 190 488 244 olim,
505 197 530 236 et
546 188 652 253 agendis
667 188 755 237 sceleri·

89 257 132 302 bus
143 256 268 309 obscurum,
281 256 324 303 huc
335 255 477 302 confidentiae
489 254 585 310 venisse,
597 262 630 309 ut,
641 262 755 317 nmquam

90 321 186 367 demotis
197 320 323 381 parietibus,
341 320 470 368 ostenderet
486 328 592 382 nepotem
611 320 755 368 subvertere

90 385 234 439 centurionis,
252 386 311 432 inter
329 401 445 432 servorum
456 386 522 441 ictus,
534 392 637 433 extrema
648 385 704 433 vitm
713 384 755 431 ali·

90 457 167 496 menta
177 449 261 496 frustra
271 458 380 498 orantem.

123 512 207 560 XXV.
234 513 344 562 Nondum
365 516 386 562 is
407 514 472 562 dolor
492 515 630 569 exoleverat,
655 529 709 562 cum
729 514 756 563 de

90 578 218 642 Agrippimi
236 580 341 633 auditum.
364 595 437 641 quam,
459 580 579 627 interfecto
602 579 694 643 Seiano,
719 594 756 642 sps

91 652 245 700 sustentatam,
260 646 385 707 provixisse
403 660 460 699 reor,
480 653 510 701 et,
524 654 645 707 postquam
657 644 715 692 nibil
728 644 756 691 de

90 709 179 757 stevitid
196 712 355 766 remittebatur,
373 710 489 757 voluntate
506 711 657 757 exstinctam
677 708 755 764 nisisi.

90 776 179 837 negatis
189 775 308 831 alimentis,
325 775 467 822 assimulatus
476 784 512 821 est
522 774 580 829 linis,
592 776 632 835 qui
643 775 756 821 videretur

90 848 171 902 sponte
181 848 275 888 sumtus.
308 839 433 887 Enimvero
443 838 547 886 'liberius
565 838 700 887 soedissirnis
714 838 756 886 cri·

90 906 249 952 minationibus
259 907 348 960 exarsit,
367 905 527 967 impudicitiam
538 918 643 967 arguens,
662 912 687 951 et
703 903 754 951 Ae-

90 970 152 1016 niurn
166 970 258 1017 Gallum
271 971 403 1024 adulterum,
422 971 513 1033 ejusque
530 978 604 1016 morte
622 970 650 1016 ad
662 970 753 1017 tedium

89 1035 144 1082 vitre
156 1035 302 1097 compulsam.
335 1036 380 1083 Sed
399 1034 531 1097 Agrippina,
551 1034 611 1094 aequi
628 1035 754 1096 impatiens,

90 1099 219 1148 dominandi
229 1101 301 1156 avida,
312 1101 412 1147 virilibus
420 1100 479 1147 curis
486 1099 620 1146 letninarum
632 1100 688 1146 vitia
698 1114 753 1145 exu-

89 1172 144 1212 erat.
176 1165 265 1213 Eodem
277 1166 313 1212 die
322 1165 457 1219 defunctam,
468 1180 513 1226 quo
523 1163 614 1210 biennio
626 1172 680 1211 ante
691 1164 754 1226 seje-

89 1244 133 1277 nus
143 1245 222 1292 poenas
232 1230 317 1285 luisset,
337 1231 496 1290 memoriaeque
511 1229 533 1275 id
550 1228 698 1290 prodendum,
715 1228 754 1275 ad·

89 1294 144 1342 didit
157 1293 249 1352 Caesam
262 1297 408 1358 jactavitque,
421 1295 481 1355 quod
496 1308 541 1340 non
554 1294 636 1354 laqueo
647 1301 754 1357 suange-

88 1359 139 1415 lata,
152 1375 225 1421 neque
235 1360 258 1405 in
271 1361 395 1407 Gemonias
406 1361 504 1422 projecte
513 1359 579 1405 foret.
612 1360 682 1405 Aette
693 1360 722 1405 ob
732 1358 754 1404 id

88 1433 172 1486 grates,
184 1425 348 1486 decretumque,
365 1434 391 1472 nt
406 1424 622 1486 quintumdecimum
636 1423 690 1472 Kal.
702 1423 752 1470 No-

88 1491 192 1543 vembris,
212 1491 326 1550 utriusque
337 1492 399 1537 necis
410 1490 452 1545 die,
471 1505 511 1551 per
522 1504 601 1535 omnes
613 1503 693 1544 annos,
713 1489 753 1535 do·

88 1568 143 1600 num
154 1553 208 1602 Jovi
219 1564 351 1602 sacraretur.

120 1617 218 1664 XXVI.
239 1619 310 1666 Haud
320 1620 393 1666 multo
409 1627 461 1681 post
477 1617 588 1666 Cocceius
599 1616 684 1674 Nerva,
697 1633 752 1665 con·

88 1683 164 1730 tinuus
174 1684 287 1747 principis,
300 1687 372 1731 omnis
381 1686 450 1732 divini
459 1684 595 1744 humanique
601 1684 660 1745 juris
671 1683 752 1736 sciens,

87 1748 176 1810 integro
188 1756 253 1805 stetu,
266 1766 360 1811 corpore
371 1750 449 1804 illaeso,
460 1749 569 1796 moriendi
581 1748 701 1794 consilium
713 1763 751 1794 ce·

86 1813 126 1875 pir„
156 1812 224 1868 Quod
236 1822 260 1860 ut
271 1813 363 1861 Tiberio
375 1816 498 1876 cognitum,
510 1813 613 1866 assidere,
625 1828 706 1860 causas
717 1828 753 1860 re·

86 1879 180 1938 quirerc,
200 1880 281 1926 addere
292 1896 377 1941 preces,
394 1880 459 1926 lateri
476 1886 597 1941 postremo,
612 1893 684 1940 grave
699 1893 753 1925 con-

85 1944 192 1999 scientiae,
205 1961 275 2005 greve
289 1945 356 1991 famae
376 1960 430 1999 suae,
451 1945 468 1990 si
487 1945 603 2005 proximus
621 1944 752 1999 amicorum,

85 2008 153 2055 nullis
164 2010 273 2056 moriendi
285 2010 413 2064 rationibus,
425 2009 493 2055 vitam
503 2008 601 2070 fugeret.
627 2006 753 2054 Aversatus

85 2087 212 2120 sermonem
223 2074 307 2128 Nerva,
316 2074 472 2121 abstinentiam
484 2073 526 2118 cibi
535 2074 659 2136 conjunxit.
683 2072 752 2119 Fere·

85 2138 138 2183 bant
146 2140 211 2200 gnari
218 2140 380 2201 cogitationum
388 2140 442 2201 ejus,
452 2145 536 2199 quanto
543 2139 635 2200 propius
643 2138 703 2183 mala
709 2138 751 2184 rei·

84 2202 145 2261 publ.
152 2204 240 2257 viseret,
248 2202 280 2250 iri
287 2212 309 2250 et
317 2212 386 2258 metu,
394 2204 447 2250 dum
454 2205 549 2264 integer,
557 2204 610 2248 dum
619 2204 750 2257 intentatua

83 2267 203 2313 honestum
214 2267 281 2314 finem
294 2270 398 2315 voluisse.
428 2266 543 2315 Caeterum
555 2268 690 2329 Agrippinae
701 2282 750 2328 per-

84 2332 161 2385 nicies,
173 2334 232 2392 (pund
243 2334 282 2378 vix
294 2334 403 2388 credibile,
417 2332 548 2380 Plancinam
561 2334 637 2379 traxit
672 2331 751 2394 Nupta

84 2395 137 2441 olim
159 2395 202 2444 cn.
215 2397 300 2452 Pisoni,
319 2406 341 2444 et
359 2399 431 2460 palam
450 2399 503 2444 loeta
522 2405 594 2444 morte
612 2398 750 2453 Germanici,

84 2475 135 2506 curn
148 2460 202 2509 Piso
213 2463 308 2519 caderet,
319 2465 421 2526 precibus
432 2463 552 2524 Augustae,
566 2478 608 2509 nec
620 2463 695 2508 rninus
707 2463 750 2508 ini·

75 2527 170 2578 micitiis
180 2529 320 2597 Agrippina
331 2528 430 2578 detensa
443 2535 510 2575 erate
526 2533 556 2571 ut
564 2527 644 2571 obem
651 2534 678 2569 et
686 2527 759 2582 graus

117 2864 291 2903 r-..
350 2868 354 2873 .
