1680 2910
54 157 75 195 J.
84 154 108 191 c.
119 158 152 191 ss.
202 151 393 200 ANNALIUM
406 153 458 200 Lm.
470 152 515 200 Vl.
528 152 587 201 Cas.
600 158 638 198 aa.
674 157 718 197 τοι

55 280 113 326 riurn
124 282 148 328 in
160 285 436 346 temporememorabitur,
454 300 483 330 ne
497 299 557 330 nune
568 285 658 346 incepto
668 282 720 329 lon-

54 347 107 408 gius
119 347 216 395 abierim.

89 409 190 459 XXIII.
202 411 286 462 Iisdem
298 415 432 468 consulibus,
444 415 517 461 Asinii
527 413 589 462 Galli
596 428 657 459 mors
668 411 719 458 vul·

54 482 129 537 gatar,
146 492 213 539 quem
224 486 324 540 egestate
334 479 377 527 cibi
393 487 518 542 peremtum
537 479 596 525 haud
611 478 717 533 dubiumr

56 547 146 603 sponte,
165 543 202 589 vel
224 545 363 598 necessitate,
381 545 491 591 incertum
508 545 643 590 habebatur:
663 557 719 589 con·

56 607 174 667 sultusque
196 606 281 663 Caesar,
304 624 332 656 an
351 609 438 670 sepeliri
458 611 546 664 sineret,
567 624 613 654 noa
632 607 720 671 erubuit

55 671 193 733 permittere,
212 673 315 734 ultroque
325 675 426 720 incusare
437 689 508 728 casus,
520 674 558 734 qui
569 688 631 719 reum
644 673 720 718 abstu·
741 691 742 694 ¹

56 736 143 791 Essent,
164 747 283 798 antequam
306 754 381 785 eoram
404 729 583 785 condinceretur.
622 736 720 791 seilicet,

56 802 132 848 medio
147 803 244 849 triennio
263 802 363 850 defuerat
381 807 470 864 tempus
488 801 594 850 subeundi
608 802 719 864 judicium

55 867 168 914 consulari
180 869 234 921 seni,
253 876 286 914 tot
297 869 446 915 consularium
458 869 551 928 parenti.
577 867 669 913 Drusus
680 867 721 913 de·

54 931 108 977 inde
119 933 277 994 exstinguitur,
288 949 339 979 cunr
352 949 376 979 se
386 934 516 979 miserandis
527 932 644 984 alimentis
656 946 720 976 man-

57 996 131 1042 dendo
142 1012 155 1042 e
166 997 231 1044 cubili
244 1006 351 1053 tomento,
370 1013 454 1044 nonum
472 999 500 1044 ad
511 998 569 1045 diem
580 997 720 1043 detinuisset.

57 1059 181 1108 Trodidire
200 1063 295 1122 quidam,
312 1065 465 1126 praescriptum
483 1062 552 1111 fuisse
570 1061 682 1115 Macroni,
700 1063 720 1107 si

56 1141 121 1172 anna
132 1128 160 1173 ab
170 1127 252 1190 Sejano
270 1136 415 1182 tentarentur,
434 1135 558 1174 extractum
575 1123 676 1172 custodiit
682 1127 721 1188 ju·

57 1207 147 1245 venem,
167 1193 229 1254 (nam
245 1194 268 1239 in
281 1193 368 1240 Palatio
386 1191 530 1249 attinebatur)
545 1192 624 1238 ducem
637 1191 721 1252 populo

57 1257 190 1317 imponere:
210 1273 270 1312 mox,
288 1259 340 1318 quia
352 1272 427 1304 rumor
437 1257 558 1311 incedebat,
572 1255 629 1309 fore,
641 1263 666 1300 ut
678 1270 721 1302 uu·

57 1321 94 1368 nsi
113 1336 139 1367 uc
156 1324 232 1384 nepoti
250 1323 407 1369 conciliaretur
424 1320 509 1377 Caesar,
529 1321 638 1368 saevidarn
654 1335 723 1380 quam

56 1385 213 1448 paenitentiam
224 1389 311 1434 maluit.

93 1448 190 1496 XXIV.
208 1451 270 1506 Quin
286 1461 309 1499 et
325 1453 428 1501 invectus
445 1453 468 1500 in
487 1452 624 1505 defunctum,
642 1451 723 1512 probra

58 1516 166 1576 corporis,
185 1517 356 1564 exitiabilemin
374 1534 433 1573 suos,
445 1516 558 1564 infensum
569 1515 660 1578 reipubl.
673 1515 722 1561 ani·

57 1595 121 1626 mum
134 1582 228 1642 objecit:
249 1583 379 1644 recitarique
389 1583 498 1630 factorum
510 1583 665 1641 dictorumque
675 1580 724 1641 ejus

59 1645 171 1706 descripta
181 1660 221 1707 per
232 1647 278 1692 dies
284 1648 369 1709 jussit:
389 1663 433 1708 quo
445 1662 491 1694 non
507 1647 566 1693 aliud
579 1646 676 1692 atrocius
686 1645 723 1691 vi·

59 1725 125 1756 sum:
145 1711 257 1758 adstitisse
267 1721 301 1758 tot
311 1728 352 1774 per
362 1727 440 1768 annos,
456 1712 494 1773 qui
505 1712 599 1765 vultum,
615 1711 723 1772 gemitus,

47 1775 173 1822 occultum
193 1777 260 1822 etiam
282 1792 384 1823 murmur
405 1777 552 1839 exciperent:
579 1783 602 1822 et
623 1775 737 1838 potuisse·

59 1854 128 1886 avum
140 1840 221 1895 audire,
234 1842 316 1903 legere,
328 1844 351 1888 in
363 1841 474 1904 publicum
485 1856 594 1903 promere,
603 1841 642 1897 vjx
653 1839 723 1898 iides;
805 1867 806 1870 =

59 1905 104 1952 nisi
114 1906 175 1964 quod
183 1905 245 1952 Actii
257 1908 394 1954 centurionis
404 1914 426 1952 et
434 1907 530 1966 Didymi
540 1906 613 1951 liberti
621 1904 724 1966 epistolae

59 1985 177 2017 servorum
190 1974 280 2018 nomina
295 1972 449 2032 praeferebant,
464 1978 491 2017 ut
503 1971 553 2031 quis
571 1971 724 2031 egredientem

60 2035 164 2081 eubiculo
174 2034 276 2082 Drusum
287 2037 421 2097 pulsaverat,
433 2043 583 2082 exterruerat:
603 2035 670 2081 etiam
682 2049 724 2081 sua

59 2100 129 2146 verba
145 2102 251 2154 centurio,
271 2102 364 2147 saevitiae
378 2101 449 2162 plena,
468 2108 580 2159 tamquam
599 2099 724 2161 egregium,

60 2178 174 2224 vocesque
185 2164 307 2211 deficientis
318 2166 435 2228 adjecerat,
451 2165 501 2225 quis
512 2164 583 2226 primo
596 2164 723 2226 (alienatio-

61 2243 115 2274 nern
126 2230 208 2275 mentis
219 2227 336 2290 simulans)
354 2230 417 2289 quasi
428 2245 468 2291 per
478 2229 620 2282 dementiam,
634 2227 725 2276 funesta

61 2292 160 2347 Tiberio,
172 2309 232 2347 mox,
248 2295 285 2340 ubi
296 2309 377 2355 exspes
392 2295 445 2342 vitre
455 2293 505 2347 fuit,
523 2293 646 2347 meditatas,
660 2308 723 2338 eom·

60 2359 190 2420 positasque
212 2359 270 2405 diras
289 2360 463 2422 imprecabatur:
483 2366 515 2414 ut,
538 2357 725 2418 quemadmodum

61 2438 142 2469 uururn
154 2423 269 2484 liliumque
280 2424 354 2470 fratris
373 2433 396 2470 et
415 2432 508 2486 nepotes
524 2424 659 2482 domumque
674 2438 724 2468 om-

60 2503 113 2535 nem
125 2488 223 2534 csedibus
234 2489 397 2550 complevisset,
408 2490 439 2535 ita
449 2503 528 2550 poenas
540 2487 625 2534 nomini
635 2488 725 2548 generi-

61 2568 106 2612 que
125 2555 235 2615 majorum
255 2561 279 2599 et
296 2553 392 2614 posteris
408 2554 546 2601 exsolueret.
572 2551 741 2597 D‘nturmmanz

59 2617 148 2678 puldem
157 2625 240 2680 patres,
252 2620 328 2682 specie
339 2619 487 2670 detestandi:
507 2613 765 2682 seaqeseumuqaz
