1680 2910
52 141 74 180 J.
82 139 106 177 c.
118 134 151 178 46
219 133 272 182 Lm.
282 132 315 182 X
333 133 535 183 ANNALIUM.
682 138 729 182 297

56 274 106 314 erat
123 266 254 348 suspectior,
272 266 332 328 quod
347 268 375 314 ab
392 265 419 313 eir
435 267 511 322 laesus,
528 262 647 313 intersecui
662 279 734 312 uxore

54 333 105 396 ejus
119 315 212 380 June.
223 331 316 379 Metum
333 331 479 394 furoremque
498 332 612 379 addiderat
625 330 734 394 pudicitia

54 398 170 445 incassum
181 404 276 445 tentata.
296 397 425 444 Obscurum
437 405 514 444 tamen
527 397 601 444 scelus
612 396 732 457 quaesivit,

54 465 176 524 vimmque
194 463 294 510 invisum
313 463 414 510 simulet
426 462 539 518 dilectum,
558 461 753 522 melioribusque

55 529 195 590 temporibus
215 528 316 590 dignum,
336 543 427 575 veneno
451 528 550 576 sustulit.
583 526 674 575 Funere
690 541 733 588 pu·

55 593 117 640 blico
135 600 159 640 et
175 593 304 641 laudatione
324 593 423 640 celebres
439 589 506 640 fuere
522 593 655 654 exsequiae3
672 591 734 652 quod

55 659 134 705 multis
143 656 262 705 dutum
238 674 266 705 ea
283 665 357 714 aetate,
369 673 421 720 quae
433 658 580 706 humanitatis
591 672 672 720 expers
682 655 733 720 ejus

56 725 156 787 speciem
168 724 308 770 ambitiosius
316 725 453 770 ostentabat
732 758 736 765 -

90 787 164 851 [Tum
179 788 274 836 Asinius
287 789 375 844 Gallus,
387 789 453 836 claris
464 788 581 842 natalibus,
591 786 669 835 facie'
662 801 755 850 igno·

56 853 104 908 bili,
116 853 269 901 deformiore
263 856 361 916 ingenio,
374 855 473 901 inserere
484 869 534 900 sese
544 853 644 900 fortunae
652 853 755 903 voluit.

58 917 177 981 Princeps,
189 920 222 966 uti
235 919 332 974 rebatur,
347 919 375 967 ab
389 915 492 967 omnibus
503 917 677 975 salutandus,
660 932 679 964 ιι
689 918 755 966 ἰιιι-

58 985 153 1048 perandi
162 984 302 1032 voluntatem
310 986 445 1039 ostenderet
452 985 521 1045 coepit
530 983 558 1029 ob
564 983 656 1045 generis
667 983 734 1030 clari·

58 1050 162 1097 tudinem
179 1049 254 1111 palam
266 1050 440 1097 dominationem
458 1047 569 1095 affectare.
601 1047 654 1094 Neo
670 1062 733 1110 opes,

58 1130 103 1162 aas
114 1129 176 1161 arma
188 1116 293 1162 aderant:
314 1116 441 1176 complures
452 1119 541 1160 tantum
553 1111 654 1162 Caesaris
664 1113 733 1159 liber·

60 1188 97 1228 tos
108 1187 176 1241 atque
188 1195 266 1227 servos
278 1188 414 1242 corruperat.
447 1177 557 1227 Insanum
569 1178 674 1240 regulum
686 1191 734 1225 uon

59 1251 142 1300 morte,
153 1244 198 1307 qui
209 1245 350 1292 inclamisset
360 1244 454 1299 facinus,
466 1244 506 1292 sed
518 1243 604 1298 exsilio,
617 1258 662 1304 quo
673 1242 734 1289 deri·

60 1311 157 1365 deretur,
177 1311 282 1358 multavit
293 1308 418 1367 Claudium
436 1311 480 1356 boo
496 1325 543 1364 uno
558 1309 650 1372 judicio,
665 1322 734 1369 quam

59 1375 112 1424 latis
123 1382 159 1423 tot
169 1375 263 1439 legibus,
276 1376 384 1438 majorem
392 1374 481 1423 laudem
493 1382 617 1422 assecutus.
731 1404 736 1415 ι

95 1439 179 1504 [Haud
197 1441 284 1488 minore
293 1439 361 1496 fumi,
373 1442 447 1488 scelus
458 1440 589 1487 libertorum
601 1440 640 1501 qui
652 1439 734 1487 adver·

61 1521 101 1554 sus
111 1513 219 1568 patronos
229 1506 331 1554 libertate
342 1507 493 1561 abuterentur,
505 1512 529 1553 et
538 1505 647 1552 ferociam
659 1504 733 1552 domi·

61 1586 150 1626 norum,
164 1572 182 1618 si
193 1586 234 1633 per
245 1571 430 1628 uesassaerirent,
442 1571 568 1634 corripuit.
579 1569 661 1619 Motus
673 1570 735 1616 enim

62 1634 157 1684 audacib
168 1637 282 1699 cujusdam
293 1636 374 1691 liberti,
389 1635 449 1698 quod
460 1643 579 1698 patronum
591 1636 650 1697 apud
661 1635 734 1681 tribu·

62 1717 106 1749 nos
116 1701 187 1764 plebis
198 1701 320 1758 detulisset,
332 1702 372 1749 et'
365 1717 392 1751 ιιι
398 1716 450 1748 eum
461 1698 557 1763 petisset
567 1700 735 1763 accepissetque

63 1767 218 1844 apparitorem,
236 1783 282 1813 non
302 1766 371 1815 modo
386 1767 450 1813 illum
462 1773 601 1827 caeterosque
612 1782 687 1813 oausae
698 1767 735 1812 iu·

63 1847 136 1878 nexos
153 1833 258 1894 punivit;
276 1832 316 1879 sed
334 1840 358 1879 et
375 1833 476 1895 ingratos
494 1831 591 1886 libertos,
610 1831 735 1892 dequibus

63 1897 152 1960 patroni
164 1905 317 1958 quererentur,
336 1897 451 1944 revocavit
462 1897 485 1943 in
497 1897 646 1952 servitutem
664 1897 734 1942 advo-

64 1963 166 2024 catisque
180 1978 259 2010 eorum
271 1963 364 2024 negavit
376 1978 401 2010 se
412 1962 521 2009 adversus
531 1962 622 2009 libertos
633 1962 733 2022 ipsorum

59 2027 101 2090 Jus
118 2027 237 2075 dicturum.
270 2026 386 2075 Dominos
405 2029 489 2090 pariter
509 2041 598 2081 exosus,
617 2026 656 2087 qui
674 2040 737 2087 segra

64 2092 188 2153 affectaque
199 2093 310 2155 mancipia
324 2094 348 2138 in
359 2092 456 2140 insulam
468 2091 594 2154 AEsculapii
607 2091 674 2137 taedio
686 2106 737 2137 me·

63 2157 131 2203 dendi
148 2166 294 2218 exponerent,
314 2160 389 2205 sanxit
405 2173 490 2211 omnes,
508 2158 546 2218 qui
562 2164 736 2217 exponerentur,

62 2221 145 2268 liberos
156 2223 211 2279 fore,
220 2237 263 2269 nec
274 2223 385 2270 redituros
392 2223 416 2268 in
428 2224 536 2270 ditionem
548 2221 640 2275 domini,
650 2221 668 2267 si
680 2235 737 2267 con·
794 2265 797 2268 ,

63 2287 203 2344 valuissentz
222 2288 312 2349 quodsi
324 2290 374 2349 quis
393 2304 474 2336 necare
492 2301 559 2349 quem
578 2286 655 2334 mallet
669 2300 737 2346 quam

64 2366 185 2414 exponere,
197 2368 249 2400 eum
258 2353 327 2401 caedis
338 2354 432 2400 crimine
443 2354 523 2400 teneri.

97 2415 197 2481 [Verum
216 2419 243 2465 ab
260 2433 326 2480 aequo
338 2419 366 2465 ad
376 2418 495 2465 temeraria
510 2418 555 2464 cito
575 2417 702 2477 degressus,
714 2421 738 2462 et

65 2498 128 2544 segre
138 2481 214 2530 ferens
225 2483 326 2530 absentia
336 2483 484 2546 litigatorum,
502 2483 539 2543 qui
551 2497 580 2528 ne
592 2480 659 2528 causi
670 2481 737 2527 cade·

64 2555 116 2594 rent
130 2549 271 2604 verebantur,
289 2550 374 2611 judicia
389 2549 427 2595 rel
447 2549 552 2596 retardari
572 2547 610 2593 vel
626 2546 738 2607 impediri,

59 2613 242 2673 pronuntiavit
230 2628 255 2660 se
273 2614 404 2661 absentibus
413 2630 482 2676 aeque
491 2629 519 2660 ac
527 2611 688 2675 prasenubus
696 2621 756 2648 sm

56 2690 108 2722 mm
119 2677 243 2728 dicturum.
277 2678 378 2732 Deinde
392 2682 461 2732 nubo
480 2670 708 2735 aelectumumm
712 2677 781 2720 W*
