1680 2910
88 136 124 180 ss
186 127 380 178 nnnnnrun
397 126 604 180 Lrebcml.
635 132 756 180 ncta
796 109 798 113 '

121 258 246 310 LXXIX.
260 258 346 307 detmn
357 259 437 306 deiruie
447 261 472 306 ia
482 268 560 307 senatu
571 260 599 306 ab
611 259 720 307 Arruntio
729 268 753 307 et

88 327 165 382 nasto,
176 341 205 373 an
213 327 243 372 ob
252 325 399 372 modersnrhs
409 322 496 372 'liberis
504 325 667 372 exundationes
677 334 753 371 verte-

88 399 167 439 rentur
177 389 271 437 flumin
280 396 304 437 et
317 390 386 444 lacus,
400 404 441 452 per
451 405 508 451 qnos
522 390 638 452 augescit:
657 390 754 436 auditae·

89 471 134 517 que
144 455 318 517 municipiorum
328 462 352 500 et
360 453 497 502 colonisrum
507 455 647 516 legationes:
667 455 752 501 oranti·

89 523 132 568 bus
148 518 293 574 Florentinis,
308 532 338 566 nc
353 517 438 576 Clanis
454 520 520 567 solito
531 520 595 567 alveo
606 520 716 573 demotus,
728 520 753 565 in

89 599 180 634 amnem
192 584 281 631 Arnum
299 583 462 639 transferretur,
480 585 547 645 idque
562 585 617 645 ipsis
631 584 753 646 pernicicm

90 649 187 698 afferret
221 646 272 697 Con
316 649 377 695 entis
393 649 428 695 bis
439 647 603 696 Interamnates
611 645 750 694 disseruere:

89 729 181 778 pessum
192 714 264 760 ituros
282 713 445 760 ecundissirnos
456 711 530 760 Italiae
540 728 638 774 campos,
650 714 669 758 si
679 714 753 760 amnis

90 779 142 829 Nar
160 779 193 842 (id
210 779 270 825 enirn
285 775 415 840 parabatur)
432 778 456 824 in
473 778 534 825 rivos
549 778 658 832 diductus,
676 793 754 840 super·

91 843 250 906 stagnansset.
282 840 334 888 Nec
345 841 437 888 Reatini
448 843 547 898 silebant,
556 841 664 888 Velinum
672 843 754 898 laeum,

90 906 137 970 quis
144 909 169 955 in
181 907 267 954 Narem
277 905 405 961 effimditur,
416 906 501 954 obstrui
511 914 652 955 recusantes:
671 909 754 969 quippe

91 973 116 1020 in
135 972 258 1034 adjacentia
274 978 418 1033 erupturum:
446 972 530 1034 optime
544 973 609 1019 rebus
625 973 753 1019 mortalium

90 1037 231 1085 consuluisse
247 1043 355 1091 naturam,
372 1051 424 1097 quae
441 1051 481 1083 sna
494 1051 534 1083 ora
550 1035 684 1092 fluminibus,
702 1052 756 1084 suos

92 1116 179 1157 sumus,
190 1108 260 1162 utque
270 1101 387 1164 originem,
398 1100 492 1149 italides
503 1102 603 1148 dederit:
623 1102 755 1163 mutandas

91 1168 160 1215 etiarn
171 1166 292 1228 religionen
303 1166 420 1220 sociorum,
438 1167 476 1226 qui
487 1180 550 1214 sacra
565 1173 589 1213 et
598 1166 662 1213 lucos
673 1174 695 1213 et
706 1182 756 1213 aras

92 1232 170 1294 patriis
177 1231 280 1278 manibus
287 1231 422 1278 dicaverint:
436 1231 490 1292 quin
498 1233 571 1293 ipsum
581 1231 681 1278 'Iiberim
688 1231 755 1286 nolle,

92 1311 185 1358 prorsum
201 1296 284 1343 accolis
293 1291 368 1342 fluviis
378 1296 487 1350 orbatum,
498 1296 585 1344 minore
595 1294 668 1358 glorid
678 1295 757 1344 fluere.

95 1360 142 1408 Seu
152 1375 230 1423 preces
240 1360 385 1415 onloniarum,
401 1374 442 1406 seu
457 1360 575 1408 difficultas
589 1376 689 1423 operum,
708 1363 757 1408 sive

94 1425 223 1486 superstitio
234 1424 311 1481 adult,
323 1425 382 1471 utin
393 1427 525 1472 sententhm
546 1425 636 1473 Pisonis
646 1427 755 1473 concede·

94 1496 163 1543 retur,
175 1490 212 1549 qui
223 1490 255 1536 nil
263 1489 395 1536 mutandum
406 1497 530 1537 censuerat

129 1552 237 1600 LXXX.
259 1552 399 1616 Prorogatur
416 1552 517 1617 Poppaeo
538 1555 621 1603 Sabino
641 1554 757 1615 provincia

95 1618 188 1673 Moesis,
203 1619 284 1666 additis
302 1618 391 1666 Acbsid
409 1634 435 1666 ac
452 1618 593 1667 Msoedonid.
627 1618 654 1665 ld
668 1633 757 1679 quoque

95 1697 185 1731 morum
196 1682 280 1730 Tiberii
289 1683 339 1739 fuit,
350 1684 481 1731 continuere
492 1685 591 1746 imperia,
602 1699 628 1730 ao
638 1683 757 1744 plerosque

96 1749 125 1796 ad
134 1747 201 1794 linem
214 1748 267 1796 vitae
278 1749 303 1795 in
313 1748 393 1795 iisdem
403 1749 536 1797 exercitibus
546 1755 584 1796 sut
594 1747 756 1809 jurisdictioni·

95 1814 138 1861 but
148 1814 235 1860 babere.
253 1810 335 1862 canae
346 1814 553 1862 variaetraduntur:
572 1813 757 1860 aliitaedionovae

96 1891 159 1925 curae
174 1878 243 1924 semel
261 1877 342 1940 placita
351 1893 392 1941 pro
404 1880 493 1926 aeternis
510 1879 634 1925 servavisse
641 1893 649 1933 ;
667 1877 757 1936 quidam

95 1940 185 1996 invidit,
197 1957 226 1989 ne
237 1943 312 2004 plures
321 1941 461 1990 fruerentur:
483 1949 536 1990 sunt
542 1943 580 2002 qui
588 1942 723 1997 existiment,
732 1949 759 1988 ut

95 2007 200 2054 callidum
212 2009 260 2069 ejus
269 2008 393 2070 ingenium,
404 2010 436 2056 ita
446 2008 536 2055 anxium
541 2008 665 2070 judicium:
684 2021 757 2066 neque

95 2073 155 2118 enirn
172 2073 297 2120 eminentes
306 2073 401 2120 virtutes
417 2074 547 2128 sectabatur,
565 2080 588 2119 et
604 2085 692 2118 rursum
703 2072 759 2119 vitis

95 2137 186 2184 oderat:
206 2151 236 2183 ex
246 2138 336 2200 optimis
343 2138 465 2199 periculum
477 2137 524 2192 sibi,
533 2137 655 2199 apersimis
661 2136 757 2184 dedecus

95 2202 208 2264 publicum
227 2203 355 2249 metuebat:
380 2200 425 2263 qui
440 2203 581 2249 haesitatione
599 2208 713 2265 postremo
730 2215 758 2247 eo

95 2274 216 2328 provectus
232 2274 273 2321 est,
289 2273 314 2313 ut
329 2267 467 2314 mandaverit
478 2267 608 2328 quibusdam
625 2265 759 2329 provincias,

96 2345 154 2393 quos
164 2329 241 2393 egredi
253 2332 307 2379 urbe
317 2347 363 2378 non
374 2339 422 2378 erat
432 2346 545 2394 passurus.

128 2394 250 2442 LXXXI.
266 2394 305 2443 De
315 2396 412 2443 comitiis
422 2397 580 2452 consularibus,
592 2411 643 2457 quae
655 2402 702 2441 turn
714 2393 760 2455 pri-

96 2474 166 2516 mum,
182 2461 221 2507 illo
232 2462 337 2522 principe,
349 2475 376 2508 ac
386 2462 490 2524 deinceps
503 2460 573 2517 luere,
586 2463 624 2508 vix
640 2459 760 2521 quidquam

92 2524 277 2572 dmareausim:
297 2526 446 2574 adeodirersa
454 2542 500 2573 non
508 2528 575 2573 modo
582 2525 641 2587 apud
648 2534 759 2577 auctores,

77 2587 164 2634 sedin
178 2589 254 2651 psius
269 2592 414 2642 orationibus
429 2593 582 2659 reperiuntur.
611 2590 697 2643 blodo,
714 2588 754 2634 sub

61 2650 150 2698 ‘¹²00‘
165 2655 351 2712 candidatorum
367 2661 514 2725 nominibus,
531 2659 653 2728 originem
667 2655 762 2719 cupam
