1680 2910
55 92 155 172 acas.
210 121 403 174 nuuuururu
420 122 500 174 aar.
517 123 624 176 esser.
688 90 720 178 ar

54 251 111 313 tem,
122 271 169 305 non
179 262 256 305 tamen
266 256 393 310 obsecutus,
404 263 524 303 etruscum
535 256 672 304 intendentis
684 273 720 305 re·

54 323 148 386 pulisse.
180 317 265 382 coeptt
275 320 332 374 luce,
343 321 419 366 missae
429 322 453 366 in
460 321 529 368 latera
538 323 648 383 legiones,
659 331 722 370 metu

55 402 87 435 an
111 382 260 438 contumucii,
280 385 356 430 locum
383 384 517 440 deseruere3
539 393 605 447 capto
625 402 721 449 propere

56 466 145 514 campo,
162 448 278 496 bumentia
296 448 361 495 ultra.
399 447 480 510 Neque
498 456 574 496 tamea
596 451 721 506 Arminius,

56 529 193 578 quamquem
207 514 277 560 libero
296 513 393 566 incursu,
408 515 483 561 statim
499 515 614 576 prorupit:
634 517 679 569 sed,
696 523 722 562 ut

56 578 146 627 haesere
156 593 224 625 coeno
233 577 344 638 fossisque
358 578 523 639 impedimenta,
540 579 621 625 turbati
636 581 722 627 circum

56 646 149 706 milites,
166 642 265 692 incertus
280 642 397 704 signorum
414 642 476 696 ordo,
492 649 563 704 utque
578 645 616 689 tali
628 645 650 690 in
662 652 721 690 teur-

55 723 120 773 pore,
132 707 172 754 sibi
188 707 283 768 quisque
293 721 401 769 properus
411 716 435 753 et
444 707 512 754 lentae
522 709 640 755 adversum
648 709 720 770 impe-

56 775 93 831 ris
113 785 185 826 sures,
203 773 326 832 irrumpere
349 771 476 819 Gennanos
498 772 572 834 jubet,
596 773 720 827 clamitans,

56 844 72 868 ‘⁴
80 837 120 884 En
132 835 214 891 Varus,
225 843 249 882 et
264 834 343 881 eodem
353 837 434 882 iterum
446 835 493 882 fsto
504 837 572 882 victae
586 835 720 897 legiones!’'

56 901 134 954 Simul
141 901 197 955 haec,
209 907 232 946 et
242 913 295 946 cum
311 899 403 947 delectis
417 900 498 946 scindit
512 915 601 962 agmen,
613 903 722 962 equisque

55 966 157 1014 maxime
167 965 260 1011 vulnera
269 964 367 1025 ingerit:
386 964 425 1018 illi,
434 965 543 1026 sanguine
554 980 595 1012 suo
603 971 626 1011 et
637 966 723 1012 lubrico

54 1031 164 1094 paludum
173 1029 293 1090 lapsantes,
310 1028 411 1075 excussis
426 1029 554 1083 rectoribus,
570 1028 671 1090 disjicere
680 1030 721 1076 ob·

55 1097 115 1150 vics,
131 1101 246 1156 proterere
257 1093 368 1155 jacentes.
401 1091 515 1138 Plurimus
526 1094 585 1140 circu
592 1093 677 1154 aquilas
687 1086 721 1139 la·

54 1161 107 1217 bor,
118 1172 169 1219 quae
180 1157 378 1218 nequeadversurn
388 1156 440 1202 ferri
450 1157 577 1217 ingruentia
587 1158 637 1212 tels,
649 1172 723 1217 neque

54 1223 98 1287 figi
112 1221 192 1270 limosi
201 1223 271 1268 humo
281 1228 391 1282 poterent
425 1219 523 1274 Caecina,
541 1221 594 1266 dum
612 1228 723 1268 sustentet

56 1289 137 1343 adem,
154 1285 250 1333 suffosso
267 1301 324 1346 equo
340 1286 448 1345 delapsus,
465 1285 685 1338 circumveniebatur,
697 1284 721 1331 ni

54 1354 131 1416 prima
143 1351 204 1413 legio
216 1364 266 1397 sese
276 1351 427 1410 opposuisset:
441 1350 503 1410 juvit
511 1351 608 1396 bostium
619 1350 720 1404 aviditas,

56 1413 143 1465 omissi
159 1415 228 1470 ccede,
246 1413 343 1475 praedem
355 1414 505 1470 sectantium
522 1415 636 1474 enisaeque
645 1414 719 1474 legio-

56 1496 106 1535 nes,
117 1485 288 1541 vesperascente
298 1478 340 1531 die,
352 1479 376 1523 in
387 1484 464 1538 aperta
473 1484 497 1522 et
505 1478 589 1524 solida·
607 1477 689 1537 Neque
700 1478 720 1524 is

57 1545 199 1593 miseriarum
216 1541 282 1588 finisz
302 1541 431 1588 struendum
447 1541 538 1595 vellum,
554 1543 663 1602 petendus
677 1558 719 1604 ag„

55 1626 109 1674 ger:
129 1604 412 1669 emissamsgnbexparte,
420 1620 517 1666 perquae
525 1606 720 1667 egeriturbumus,

57 1684 98 1723 sut
112 1673 223 1720 exciditur
238 1686 337 1732 caespes;
358 1685 403 1716 non
419 1671 516 1716 tentoria
532 1671 657 1732 manipulis,
673 1686 719 1717 non

55 1739 160 1786 fomenta
169 1736 264 1783 sauciis:
283 1734 378 1782 infectos
389 1749 455 1780 coeuo
466 1741 505 1780 aut
518 1749 597 1782 cruore
611 1736 672 1781 cibos
683 1736 717 1781 di·

55 1803 167 1857 videntes,
181 1799 282 1849 funestas
293 1801 401 1853 tenebras,
413 1806 437 1845 et
447 1807 481 1844 tot
492 1799 607 1845 bominum
622 1799 719 1846 millibus

55 1882 127 1916 unum
135 1869 185 1929 jam
196 1865 305 1925 reliquum
316 1865 374 1910 diem
384 1863 568 1909 lamentabantur.

89 1928 185 1979 LXVI.
202 1929 272 1976 Forte
289 1944 366 1989 equus,
384 1928 481 1989 abruptis
496 1929 592 1974 vinculis
602 1943 681 1990 vagus,
697 1935 720 1976 et

57 1991 158 2045 clamore
168 1995 265 2048 territus,
282 1993 388 2053 quosdam
400 1994 565 2038 occurrentium
576 1993 716 2040 obturbavit:

55 2067 121 2109 tanta
131 2059 184 2106 inde
194 2058 352 2111 consternatio,
366 2058 471 2119 irrupisse
487 2057 615 2104 Germanos
626 2058 719 2103 creden·

55 2128 122 2180 tium,
135 2132 161 2171 ut
170 2124 246 2170 cuncti
254 2130 344 2168 ruerent
354 2123 382 2168 ad
389 2129 479 2184 portus3
496 2136 589 2181 quarum
598 2122 727 2181 decumana⁸

55 2190 158 2239 maxime
166 2189 289 2251 petebatur,
301 2202 379 2233 aversa
389 2186 454 2250 hosti,
465 2193 488 2233 et
497 2185 635 2248 fugientibus
645 2187 722 2232 tutior.

57 2254 162 2309 Caecina,
186 2259 307 2314 comperto,
328 2266 410 2298 vanarn
429 2266 479 2297 esse
496 2250 644 2306 formidinem,
668 2265 720 2296 cum

55 2328 135 2369 tumen
152 2332 226 2378 neque
244 2316 376 2363 auctoritate
393 2330 466 2376 neque
483 2315 590 2377 precibus,
610 2330 639 2362 ne
653 2329 723 2362 manu

57 2385 157 2448 quidem,
173 2382 281 2439 obsistere
300 2381 450 2427 eatretinere
467 2380 559 2428 militem
574 2380 654 2440 quiret,
668 2395 723 2442 pro·

54 2446 132 2514 jectus
138 2448 164 2494 in
173 2446 252 2503 iirniae
261 2452 340 2508 portae,
355 2445 498 2492 miseratione
508 2445 610 2500 demum,
625 2443 682 2505 quiae
688 2457 733 2504 per

58 2528 142 2575 corpus
152 2511 222 2573 iegati
232 2510 330 2558 eundum
346 2519 402 2568 erat,
421 2511 504 2562 ciausit
514 2513 597 2561 viarm
617 2509 693 2557 simui
701 2505 747 2552 tiu·

51 2576 109 2623 unni
116 2575 295 2630 etgcenturiones
306 2576 394 2628 falsum
406 2597 526 2647 pavorem
536 2580 687 2628 docuerunt.

35 2636 127 2746 1011.ΐῖ
129 2636 185 2743 ViL
204 2638 274 2692 Tunc
289 2656 437 2706 contractos
446 2652 477 2702 in
493 2648 630 2764 ptiuffii'iffi
642 2643 785 2707 'immam
