1680 2910
121 151 167 194 100
202 144 396 195 ANNALIUM
412 143 521 194 IunlII.
534 143 594 195 Car.
605 149 645 194 94.
663 147 692 188 U·
702 149 727 188 C·
737 152 785 195 77³.

118 278 186 323 orbor
205 277 364 340 adjiciebantur
383 277 497 332 adulteria,
509 292 603 327 venena.
618 276 785 338 quaesitumque

118 357 159 403 per
175 340 296 390 Chaldaeos
307 343 330 388 in
342 342 433 389 domum
446 341 559 400 Caesaris3
576 341 711 388 defendente
721 355 784 388 ream

118 406 200 454 Manio
212 405 308 470 Lepido,
321 407 397 454 fratre.
430 407 546 462 Qniilnus,
557 416 609 469 post
620 407 704 452 dictum
716 421 784 468 repn-

118 470 178 518 dium
188 473 260 518 adbuc
272 471 378 527 infensus,
385 474 487 533 quamvis
494 471 571 518 infami
579 471 706 522 annocenti
715 473 784 516 mise·

120 538 229 583 rationem
243 537 364 584 addiderat.
397 536 467 584 Haud
477 537 543 583 facile
554 537 603 598 quis
614 536 736 597 dispexerit
746 533 787 581 rut

118 601 142 647 in
154 603 284 664 cognitione
294 609 393 649 mentem
407 602 526 663 principis:
546 602 601 648 adeo
612 601 681 647 vertit
691 615 718 647 ac
728 601 785 646 mis·

120 668 166 713 cuit
177 668 217 714 irae
228 674 251 713 et
262 667 387 714 clementias
399 668 478 728 signa:
498 666 628 728 deprecatus
635 666 709 727 primo
717 679 785 712 sena·

120 738 175 785 tum,
195 746 224 778 ne
242 732 364 794 majestatis
380 732 474 778 crimina
494 736 658 777 tractarentur:
675 743 730 776 mox
747 728 786 776 M.

121 796 248 851 Servilium,
269 796 452 851 econsularibus,
470 796 570 857 aliosque
588 803 658 842 testes
671 795 745 842 illexit
755 794 785 840 ad

121 860 259 922 proferenda,
282 876 332 922 quae
354 863 417 908 velut
439 863 532 908 reticere
546 861 660 908 voluerat:
680 860 787 919 idemque

122 941 199 971 servos
221 923 319 986 Lepidae,
339 941 390 972 cum
412 926 502 972 militari
524 923 626 972 custodid
644 925 786 978 haberentur,

121 990 235 1036 transtulit
246 990 274 1036 ad
285 991 405 1046 consules3
422 1006 496 1051 neque
505 1006 545 1051 per
559 997 673 1036 tormenta
688 991 786 1035 interro·

122 1056 171 1116 gari
182 1070 260 1117 passus
271 1063 306 1100 est
317 1056 344 1102 de
355 1056 390 1102 his
401 1070 452 1116 quae
467 1055 495 1102 ad
506 1055 597 1101 domum
609 1069 673 1101 suam
686 1054 785 1115 pertine-

123 1126 179 1166 r'ent.
211 1119 304 1166 Exemit
314 1121 382 1167 etiam
394 1120 503 1173 Drusum,
512 1119 627 1166 consulem
636 1118 787 1180 designatum,

122 1185 223 1231 dicendae
238 1185 310 1247 prImo
330 1185 380 1231 loco
398 1186 531 1232 sententiae:
550 1184 610 1245 quod
619 1183 656 1230 alii
668 1183 734 1229 civile
750 1198 788 1229 re·

122 1250 208 1305 bantur,
220 1264 249 1296 ne
259 1250 346 1296 caeteris
360 1249 495 1297 assentiendi
507 1249 629 1296 necessitas
638 1247 716 1294 fieret:
736 1248 787 1307 qui·

123 1314 173 1360 dam
185 1315 213 1360 ad
229 1315 339 1361 saevitiam
356 1315 486 1372 trabebant;
504 1315 649 1375 nequeenim
664 1327 787 1368 cessurum,

122 1380 164 1425 nisi
176 1379 293 1425 damnandi
305 1378 386 1425 officio.
779 1404 782 1410 ·

136 1466 138 1471 ·
156 1441 255 1490 XXIII.
273 1441 360 1506 Lepida
368 1444 472 1491 ludorum
483 1445 566 1498 diebus,
584 1444 622 1505 qui
634 1442 788 1506 cognitionem

122 1510 296 1562 intervenerant,
315 1509 427 1555 theatrum
439 1524 490 1555 cum
502 1510 567 1555 claris
578 1508 667 1556 seminIs
678 1508 788 1569 ingressa,

123 1574 281 1620 lamentatione
300 1573 368 1620 flebili
390 1574 485 1635 majores
508 1590 560 1620 suos
579 1575 647 1628 ciens,
670 1573 789 1633 ipsumque

124 1638 264 1700 Pompeium,
281 1639 346 1702 cujus
361 1653 389 1684 ea
404 1639 542 1685 monimenta
556 1645 579 1684 et
594 1639 708 1685 adstantes
729 1637 787 1683 ima·

123 1704 188 1765 gines
199 1702 334 1758 visebantur,
352 1708 440 1749 tanturn
452 1703 610 1750 misericordiae
621 1702 740 1763 permovit,
755 1708 788 1754 ut,

123 1767 221 1823 efflrsijn
233 1768 351 1828 lacrymas,
360 1783 421 1814 saeva
430 1775 454 1814 et
464 1768 595 1814 detestanda
605 1766 702 1820 Quirino
710 1765 788 1812 clami·

124 1839 204 1885 tarent,
220 1834 284 1894 cujus
301 1840 399 1879 senectae
409 1839 476 1893 atque
487 1832 581 1885 orbitati,
591 1839 615 1878 et
625 1831 790 1878 obscurissimae

125 1896 207 1951 domui,
216 1898 326 1944 destinata
337 1897 449 1958 quondam
458 1912 515 1943 uxor
522 1896 551 1942 L.
558 1895 650 1950 Caesari,
662 1911 688 1942 ac
700 1893 789 1942 Dan-

125 1968 193 2022 gusto
211 1977 287 2016 nurus,
303 1963 428 2009 dederetur.
461 1961 523 2008 Dein
540 1962 658 2007 tormentis
671 1975 788 2007 servorum

125 2026 235 2088 patefacta
244 2034 297 2074 sunt
308 2026 400 2089 flagitia,
408 2027 507 2088 itumque
518 2027 540 2071 in
553 2027 686 2072 sententiam
698 2023 790 2071 Rubelli

127 2091 216 2146 Blandi,
229 2107 242 2138 a
253 2108 297 2154 quo
308 2090 367 2152 aqud
377 2100 444 2151 utque
454 2092 502 2152 igni
513 2091 640 2137 arcebatur:
661 2090 712 2135 huic
724 2087 792 2136 Dru·-¹

103 2157 105 2162 ’
127 2172 165 2203 sus
176 2158 278 2211 assensit,
290 2171 423 2218 quamquam
434 2157 471 2202 alii
482 2156 558 2202 mitius
569 2156 720 2201 censuissent:
735 2169 791 2200 mox

57 2253 67 2285 3
127 2222 218 2274 Scauro,
236 2223 274 2281 qui
292 2223 358 2268 liliam
370 2236 399 2266 ex
410 2220 439 2267 ed
454 2228 570 2282 genuerat,
586 2221 670 2271 dutum,
688 2234 717 2265 ne
732 2221 791 2266 bona

52 2342 55 2347 Ι
75 2336 79 2342 ,
115 2286 296 2347 publicarentur.
329 2285 389 2331 Tum
401 2285 490 2332 demum
503 2286 588 2347 aperuit
602 2285 714 2336 Tiberius,
727 2298 791 2330 com·

123 2361 211 2411 pertum
223 2351 264 2396 sibi
275 2351 341 2396 etiam
352 2365 382 2395 ex
394 2349 420 2395 P.
428 2350 517 2404 Quirini
528 2351 605 2404 servis,
614 2365 702 2396 veneno
714 2365 766 2396 eum
778 2363 792 2394 n

127 2414 215 2475 Lepidi
225 2416 327 2475 petitum.
781 2438 784 2443 ·

158 2478 255 2527 XXIV.
274 2477 396 2525 Illustrium
409 2481 514 2527 domuum
523 2481 615 2526 adversa
627 2479 721 2542 (etenim
731 2477 791 2524 haud

122 2546 221 2592 multum
234 2545 325 2592 distanti
336 2552 437 2607 tempore
452 2544 567 2606 Calpurnii
580 2545 693 2597 Pisonem,
701 2542 792 2588 AEmilii

113 2610 232 2675 Lepidam
241 2612 379 2672 amiserant)
393 2611 475 2659 solatio
486 2608 711 2658 absentissimus,
717 2607 798 2652 burim

99 2675 206 2728 familiae
220 2681 334 2729 redditus.
373 2677 465 2728 Cusum
480 2678 531 2740 eius
542 2675 745 2735 paucissim-
769 2666 816 2710 W
