1680 2910
129 163 161 210 rs
210 148 402 207 ANNALIUM
419 150 639 208 [ranciaco.
674 159 792 208 mons.

130 282 231 341 manicu's
252 282 318 349 atquc
340 287 432 334 Drusus
452 283 546 335 o'rantes
566 287 644 335 urbem
666 285 793 336 introirent.

132 354 217 402 Structi
228 359 251 400 et
262 368 333 408 arcus,
344 353 428 399 circum
438 353 508 400 latera
519 354 595 414 templi
603 353 688 400 Martis
696 352 793 408 intona,

131 434 183 466 cum
191 419 269 480 effigie
280 416 413 474 Caesarum
429 418 517 464 laetiore
529 417 628 472 Tiberio,
646 419 699 478 quia
713 432 792 480 pacem

132 481 241 547 sapientib
250 481 383 536 firmaverat,
395 483 489 541 quamsi
499 483 582 529 bellum
593 478 633 544 per
643 485 703 529 acies
714 482 792 530 conse*

131 549 205 601 cisset.
238 545 312 610 Igitur
320 547 476 608 Rhescuporis
484 562 580 608 quoque,
591 547 696 594 'lhraciae
708 544 792 608 regem,

131 621 182 660 astu
193 612 329 674 aggreditur.
363 611 459 658 Omnem
479 627 528 658 eam
550 612 664 658 nationem
680 611 792 659 Rhoeme-

131 677 202 724 talces
223 685 338 724 tenuerat:
364 692 409 737 quo
428 675 540 731 defuncto,
563 677 683 739 Augustus
705 676 792 738 partem

132 740 246 788 Thracum
258 741 429 802 Rhescuporidi,
446 739 508 787 fratri
519 743 574 803 ejus,
584 737 675 803 'partem
685 740 732 787 filio
744 739 792 789 Co·

131 807 166 869 tyi
177 807 283 867 permisit.
316 805 344 852 In
355 804 382 851 et
392 806 500 852 divisione
511 821 564 853 arva
575 814 597 853 et
609 806 674 852 urbes
685 814 709 852 et
718 806 793 853 vicina

133 871 223 918 Graecis
234 868 319 930 Cotyi;
336 870 396 930 quod
406 871 524 926 incultum,
540 869 610 925 ferox,
625 883 738 917 annexum
749 871 791 917 ho-

132 936 211 992 stibus,
231 931 393 996 Rhescuporidi
408 931 487 981 cessit:
507 935 650 997 ipsorumque
661 950 739 996 regum
751 934 792 981 ¹in·

131 1000 205 1060 genia,
217 1000 249 1046 illi
259 1001 314 1046 mite
324 1000 348 1046 et
358 1013 478 1052 amoenum,
496 1000 548 1045 huic
565 1007 636 1055 atrox,
655 1000 753 1053 avidum,
770 1008 793 1048 et

132 1064 245 1110 societatis
261 1065 378 1127 impatiens
389 1071 443 1109 erat.
476 1057 520 1110 Sed
535 1064 609 1126 primo
628 1063 721 1110 subdolis
736 1080 792 1112 cou-

130 1127 206 1175 cordid
217 1125 299 1190 egdre:
318 1142 373 1174 mox
383 1126 534 1189 Rhescuporis
542 1124 619 1190 egredi
629 1127 692 1184 lines,
704 1136 793 1176 uertere

123 1194 155 1239 -in
167 1209 191 1240 se
206 1192 276 1254 Cotyi
286 1193 343 1247 data,
361 1200 385 1238 et
399 1193 510 1238 resistenti
520 1193 567 1239 vim
577 1192 667 1251 facere;
684 1201 792 1241 cunctan-

131 1264 165 1304 ter
177 1259 218 1305 suh
229 1262 344 1320 Augusto,
355 1271 422 1323 quem
433 1263 546 1304 auctorem
558 1258 673 1318 utriusque
683 1260 755 1322 regni,
772 1260 791 1306 si

123 1329 278 1385 sperneretur,
297 1322 409 1367 vindicem
427 1323 553 1369 metuebat:
573 1324 695 1378 enimvero,
715 1322 792 1370 audith

122 1388 256 1434 -mutatione
266 1386 379 1448 principis,
390 1385 511 1432 immittere
521 1387 632 1434 latronum
644 1388 731 1449 globos,
748 1403 789 1435 ex-

130 1452 232 1498 scindere
242 1451 338 1505 castella
349 1465 427 1498 causas
437 1451 502 1497 bello.
515 1482 517 1486 »
555 1479 560 1488 ι

122 1544 125 1552 ,
164 1515 243 1565 LXV.
268 1515 333 1562 Nihil
352 1531 416 1575 aeque
437 1514 552 1562 Tiberium
576 1517 667 1564 anxium
689 1518 789 1573 habebat,

121 1597 204 1641 ·quam‚
222 1597 250 1628 ne
269 1580 392 1642 composita
408 1581 564 1628 turbarentur:
583 1580 662 1644 deligit
676 1583 789 1630 centurio-

130 1658 190 1700 nem,
210 1646 247 1706 qui
264 1646 376 1692 nuntiaret
390 1646 486 1708 regibus,
504 1661 533 1693 ne
544 1648 612 1692 armis
623 1646 787 1710 disceptarent:

120 1710 269 1771 'statimquea
281 1709 357 1771 Cotye
363 1708 454 1757 dimissa
464 1720 523 1765 sunt,
534 1727 585 1771 quae
592 1710 714 1773 paraverat,
726 1712 789 1758 auxi·

113 1776 164 1837 lia.
198 1774 350 1838 Rhescuporis
368 1773 421 1822 ficta
437 1774 546 1822 modestia
561 1776 666 1838 postulat,
686 1777 789 1823 eumdem

118 1841 238 1887 inlocum
250 1842 360 1905 coireturl:
380 1837 446 1900 posse
464 1841 492 1887 de
507 1835 664 1888 controversiis
678 1842 788 1902 colloquio

128 1906 236 1968 transigi:
256 1921 298 1954 nec
309 1906 347 1952 diu
357 1906 480 1952 dubitatum
496 1907 525 1952 de
538 1908 646 1967 tempore,
661 1905 718 1961 loco,
738 1907 789 1952 dein

128 1971 306 2019 conditionibus:
333 1986 384 2017 cum
409 1971 465 2017 alter
485 1970 598 2024 facilitate,
620 1970 676 2016 alter
701 1969 787 2025 fraude,

118 2042 209 2082 cuncta
219 2038 277 2084 inter
288 2051 312 2082 se
322 2033 472 2083 concederent
482 2036 658 2096 acciperentque.
683 2034 787 2082 Rhescu-

126 2101 196 2162 poris,¹
211 2101 330 2148 sanciendo
352 2101 389 2164 (ut
407 2098 531 2160 dictitabat)
553 2100 639 2153 soederi,
658 2101 788 2146 convivium

118 2165 214 2227 adjicit:
242 2164 356 2226 tractique
374 2166 398 2211 in
419 2165 512 2210 multam
535 2172 624 2211 noctem
646 2164 731 2218 laetitid,
748 2180 789 2226 per

127 2230 204 2291 epulas
215 2247 240 2277 ac
252 2231 395 2278 vinolentiam
408 2230 521 2276 incautum
532 2227 615 2290 Cotyn,
628 2236 657 2282 et,
669 2237 786 2290 postquam

128 2295 204 2342 dolum
225 2296 372 2348 intellexerat,
394 2309 457 2341 sacra
478 2295 549 2356 regni,
576 2295 674 2356 ejusdem
695 2293 787 2342 familiae

127 2352 201 2413 Deos,
212 2366 235 2406 et
246 2360 366 2423 hospitales
374 2357 463 2406 mensas
474 2361 629 2413 obtestantem,
637 2359 722 2405 catenis
730 2374 786 2405 orre-

126 2434 175 2473 rat:
194 2423 336 2486 Thraciaque
353 2425 414 2470 omui
431 2422 515 2486 potitus
525 2425 613 2484 scripsit
624 2423 651 2469 ad
662 2421 785 2477 Tiberium,

126 2496 221 2537 structas
232 2491 272 2536 sibi
282 2490 380 2544 insidias,
389 2496 528 2551 praeventum
538 2489 704 2535 insidiatorem:
719 2488 786 2533 simul

116 2555 203 2601 bellum
219 2555 329 2605 adversus
344 2552 469 2603 Basternas
480 2554 621 2615 Scythasque
634 2552 784 2612 praetendens,

105 2619 178 2666 vovis
187 2620 296 2683 peditum
308 2631 331 2674 et
344 2624 452 2687 equitum
464 2620 537 2684 copiis
546 2634 597 2666 sese
605 2616 718 2661 nemausa
750 2649 753 2653 -

128 2682 233 2741 LXVI.
263 2691 383 2747 Molliter
407 2691 563 2755 rescriptum.
575 2679 607 2732 'si
626 2679 692 2726 libb*
713 2677 812 2724 mma
