1680 2910
57 311 155 352 scs.
204 305 399 357 suanorum
417 304 643 357 amurcam.
676 280 742 356 sess

57 438 223 502 flagitantium:
243 439 391 501 admotusque
409 438 478 486 Silius
494 438 605 495 tribunali,
623 452 670 485 nou
688 437 729 485 de·

54 504 188 562 sensionem,
198 520 245 552 aon
257 521 332 553 moras
343 507 447 560 tenurit,
455 512 567 566 precatus,
578 513 604 551 ut
615 519 677 551 mors
689 519 731 550 sc·

57 571 200 623 celeraretur.
225 569 322 626 ¹Eadem
340 571 468 616 constantia
485 576 509 616 et
523 569 622 616 illustres
640 569 730 629 equites

57 634 176 683 Romanos
187 635 280 696 cupidos
292 632 388 681 maturae
403 634 466 680 necis
474 633 535 681 fecit.
568 633 656 681 Titium
668 633 727 680 Pro·

57 701 141 758 culum,
156 701 273 747 custodem
284 714 298 746 a
310 699 365 746 Silio
380 699 514 746 Messalinae
527 699 655 754 datum,‘et
669 699 729 745 indi·

56 767 117 812 cium
129 765 261 818 offerentem
273 763 513 812 Vectium‘Valentem
522 772 545 810 et
556 765 691 820 confessum,
704 771 729 810 et

58 831 193 908 Pompeium
207 829 324 884 Urbicum,
336 844 363 876 ae
374 829 498 877 Saufcllum
515 829 620 890 Trogum
632 845 662 875 ex
672 844 729 875 con·
760 880 765 895 Ι

57 897 117 951 sciis,
126 897 184 942 trahi
196 895 224 942 ad
236 896 368 957 supplicium
373 896 444 957 jubet.
477 893 564 941 Decius
575 909 666 954 quoque
674 892 731 942 cu-

55 963 186 1024 purnIanus,
197 961 292 1022 vigilum
303 960 431 1022 praefectus,
450 960 562 1022 Sulpicius
578 958 661 1012 Rufus,
677 958 726 1005 ludi

55 1033 195 1089 procurator,
205 1024 448 1125 JuncusVirgilianus,
458 1032 554 1080 senator,
566 1023 643 1072 eisdem
655 1022 726 1085 poend

59 1091 141 1140 affecti.

93 1156 217 1205 XXXVI.
234 1158 302 1206 Solus
312 1119 418 1207 Mnester
429 1157 594 1205 cunctationem
604 1155 728 1210 attulitdi·

57 1222 143 1270 laulatd
153 1231 224 1281 veste,
241 1225 365 1280 clamitans,
385 1225 509 1286 adspiceret
519 1224 637 1270 verberum
654 1228 727 1278 notas,

58 1289 239 1336 reminisceretur
251 1292 321 1346 vocis,
333 1289 377 1351 quai
388 1306 413 1336 se
423 1289 562 1336 obnoxium
552 1289 624 1351 Jussis
635 1287 728 1334 Messa·

57 1353 111 1404 linae
123 1354 227 1404 dedisset.
248 1354 307 1405 AliIs
318 1349 446 1417 largitione,
459 1362 497 1402 aut
509 1355 555 1431 spel
564 1352 728 1416 magnitudine,

57 1420 99 1468 sibi
118 1435 147 1465 ex
158 1423 292 1468 necessitate
306 1421 419 1483 culpam:-
417 1437 471 1468 nec
487 1421 590 1489 culquam
610 1425 663 1464 ante
675 1432 727 1478 per-

58 1485 158 1532 eundum
168 1484 245 1540 fuisse,
258 1502 276 1532 sr
270 1487 357 1533 'sllius
366 1502 440 1541 rerum
446 1484 562 1548 potiretur.
580 1482 728 1532 Commotum

57 1550 100 1604 his,
113 1559 136 1596 et
145 1565 242 1612 pronum
254 1552 283 1597 ad
294 1553 469 1599 misericordiam
484 1549 598 1599 Caesarem
610 1545 729 1611 perpulere
772 1601 775 1608 ι

56 1615 138 1669 liberti,
153 1631 189 1670 ne,
207 1622 243 1662 tot
259 1617 382 1664 illustribus
401 1618 456 1662 viris
476 1615 607 1669 interfectis,
625 1612 729 1660 histrioni

59 1680 228 1726 consuleretur·
248 1687 329 1741 sponte
339 1695 369 1725 an
380 1687 471 1727 coactus
486 1688 533 1726 mm
549 1695 633 1740 magna
647 1693 728 1740 pecca·
748 1699 753 1725 .-

57 1745 135 1799 visset,
152 1745 208 1791 nihil
226 1745 317 1792 referre.
358 1743 397 1792 Ne
415 1744 494 1791 Trauli
512 1745 602 1805 quidem
622 1743 729 1790 Montani

59 1809 141 1870 equitis
159 1807 259 1857 Romani
276 1809 377 1857 defensio
396 1820 486 1873 recepta
504 1817 545 1857 est.
583 1807 608 1856 Is
626 1807 730 1856 modeste

53 1872 163 1937 Juventa,
169 1875 208 1922 sed
219 1892 312 1938 corpore
320 1876 411 1938 insigni,
423 1877 507 1923 accitus
516 1875 582 1930 ultro,
593 1882 729 1935 noctemque

57 1941 118 1986 Intra
130 1955 197 1986 uuam
208 1956 222 1987 a
233 1940 360 1988 Messalini
369 1943 512 2003 proturbatus
523 1948 572 1987 erat
581 1941 672 2002 paribus
682 1941 728 1986 las·

59 2004 124 2051 civiis
136 2005 165 2052 ad
176 2006 302 2067 cupidinem
314 2016 338 2053 et
347 2005 444 2054 fastidia.
477 2007 548 2053 Suilio
562 2004 692 2059 Caesonino,
704 2012 740 2052 et

61 2068 152 2119 Plautio
172 2069 287 2119 Laterano
302 2087 363 2118 mors
380 2073 515 2119 remittitur·
536 2072 595 2125 huic,
612 2072 641 2117 ob
655 2071 730 2132 patrui
746 2119 748 2122 ,

59 2136 178 2198 egregium
195 2138 315 2184 meritum.
337 2135 472 2185 Caesoninus
483 2137 544 2184 vitiis
555 2144 670 2198 protectus
687 2141 729 2192 est,

61 2203 201 2260 tamqusm‚'
195 2218 219 2248 m
231 2202 269 2249 illo
277 2201 402 2249 ioedissimo
411 2211 479 2258 coetu,
490 2218 570 2264 passus
578 2202 702 2248 muliebria.

92 2263 231 2314 XXXVII.
247 2266 342 2314 Interim
354 2268 479 2315 Messalina
491 2267 646 2314 Lucullianis·
640 2281 664 2312 m
676 2266 730 2312 hor-

59 2331 90 2377 tis
101 2332 213 2392 prolatare
224 2333 300 2387 vitam,
319 2348 455 2413 cqmpouere
465 2348 550 2395 preces
562 2328 672 2378 nonnulla
683 2346 729 2393 spe,

58 2403 81 2442 et
92 2395 254 2457 aliquando
224 2413 268 2444 rra:
289 2397 358 2453 tantis,
370 2399 430 2445 inter
440 2407 547 2453 extrema,
560 2394 662 2459 superbia
673 2411 730 2459 ege·

58 2461 104 2507 bat.
137 2461 182 2515 Ac,
200 2463 222 2508 ni
240 2463 325 2510 caedem
345 2465 393 2524 ejus
413 2463 535 2511 NarcIssus
557 2463 729 2524 properavisset,

58 2531 158 2573 verterat
175 2528 285 2588 pernicies
304 2529 327 2575 in
343 2537 503 2577 accusatorem.
534 2527 597 2575 Nam
614 2525 731 2582 Claudius,

59 2590 152 2637 domum
164 2607 288 2654 regressus,
300 2601 323 2640 et
335 2596 473 2656 tempestivis
485 2593 556 2656 epulis
561 2593 679 2648 delenitus,
692 2594 730 2640 ubi

57 2657 113 2703 vino
125 2657 238 2711 incaluits
232 2673 260 2703 rrr
253 2659 339 2721 jubet,
351 2661 492 2721 nuntiarique
503 2660 593 2706 miserae
602 2659 656 2721 (hoc
668 2659 730 2705 euim

57 2723 128 2768 verbo
141 2737 207 2768 usum
222 2722 309 2783 icrunt)
326 2724 443 2770 dicendam
454 2725 484 2772 ad
493 2722 690 2792 caussmqosterd
695 2724 737 2765 dre

55 2785 151 2834 adesset
188 2787 259 2843 Quod
271 2789 309 2842 ubi
321 2789 436 2847 auditum,
446 2783 693 2850 etlauguescerexw
697 2781 792 2824 RQ·-

47 2849 83 2897 ire
96 2867 165 2901 amor
202 2871 229 2905 ac
265 2857 286 2906 si
305 2864 482 2908 cuncareutur
521 2871 574 2902 ψ
566 2851 615 2896 'aa
607 2860 659 2893 ffi-
672 2840 785 2889 ΜΛ
