1680 2910
68 149 99 193 18
163 138 357 191 ANNALIUM
374 138 454 189 LrnL
473 139 579 190 Onam.
618 147 743 197 membr.

70 274 214 323 bernaeulum
226 272 288 320 ducis
299 274 401 320 obrutos:
421 272 465 328 alii,
478 285 572 335 corporo
583 280 647 321 extra
654 275 743 324 vallum

72 341 157 403 abjecta
168 338 273 385 ostentui.

105 402 191 451 XXX.
207 401 275 454 Tum.
287 409 313 448 ut
323 403 417 463 quisque
427 403 553 464 praecipuus
563 405 671 458 turbator,
683 420 742 452 eon·

59 469 165 531 ·quisiti;
182 475 206 514 et
220 483 278 528 pars,
296 476 360 514 extra
374 475 447 513 castra
457 467 564 528 palantes,
576 484 589 514 a
600 471 743 517 centurioni·

72 535 114 580 bus
126 541 164 580 aut
175 533 328 594 praetoriamm
338 532 463 577 cohortium
472 533 579 579 militibus
589 535 656 580 naesi:
671 550 742 595 quos·

75 600 125 646 dam
137 599 178 659 ipsi
189 597 304 659 manipuli,
316 597 474 643 documentum
483 596 541 651 fidei,
554 596 671 645 tradidere.
688 599 742 646 Au·

74 670 139 710 xerat
151 662 246 708 militum
258 676 322 708 ouras
333 668 467 723 praematura
477 662 554 716 hiems,
567 663 672 709 imbribus
683 679 742 711 con·

76 729 151 782 tinnis,
169 728 269 786 adeoque
286 726 362 780 saevis,
382 734 407 772 ut
423 742 469 772 non
480 727 558 788 egredi
569 728 670 783 tentoria,
684 743 742 776 ooa-

77 792 167 856 gregari
183 794 241 838 inter
260 807 291 845 se,
308 793 346 837 vix
358 791 424 837 tutari
437 791 502 853 signa
511 798 610 852 possent,
628 808 679 854 quae
689 799 742 840 tur·

76 859 127 905 bine
145 863 212 917 atque
225 854 285 902 undis
302 857 451 917 raptabantur.
483 855 587 902 Durabat
603 863 627 902 et
643 857 752 909 formido,

77 922 176 969 coelestis
187 922 235 975 irae,
248 935 289 967 nec
305 920 389 966 frustra
406 921 512 967 adversus
529 922 609 983 impios
622 922 744 971 hebescere

77 988 156 1039 sidera,
169 1000 233 1033 ruere
244 991 401 1046 tempestates:
422 1000 467 1031 non
483 985 543 1032 aliud
558 986 669 1032 malorum
679 987 744 1035 leva·

63 1073 65 1078 ·
78 1059 187 1105 mentum,
199 1065 272 1112 quam,
288 1051 306 1097 si
318 1050 444 1111 linquerent
454 1058 528 1098 castra
537 1049 635 1097 infausta
645 1059 744 1099 temera·

78 1124 152 1177 taque,
165 1123 193 1171 et,
208 1115 275 1162 soluti
289 1115 384 1178 placido,
396 1116 441 1161 suis
452 1116 546 1176 quisque
557 1116 654 1162 bibernis
665 1116 745 1164 redde·

79 1189 164 1235 rentur.
197 1179 299 1226 Primum
316 1186 403 1235 octava,
419 1180 470 1226 dein
493 1181 664 1240 quintadecuma
681 1181 745 1242 legio

79 1244 171 1292 rediere.
195 1244 314 1298 Nouanus,
326 1245 471 1356 opperiendas
481 1244 566 1292 Tiberii
576 1245 689 1306 epistolas,
697 1246 745 1294 ola·
765 1257 771 1269 ¹

79 1312 212 1367 mitaverat3
229 1325 289 1363 mox,
302 1310 354 1356 deso
377 1316 413 1356 tus
427 1309 521 1356 aliorum
539 1310 682 1364 discessione,
700 1311 751 1358 im·-

80 1377 203 1422 minentem
211 1375 366 1420 necessitatem
378 1380 457 1435 sponte
467 1375 591 1437 praevenit:
610 1382 634 1421 et
645 1374 746 1431 Drusus,

80 1455 125 1487 non
146 1446 275 1501 exspectato
289 1439 414 1500 legatorum
432 1455 544 1502 regressu,
561 1441 613 1500 quia
625 1442 748 1502 praesentia

81 1506 135 1552 satis
147 1504 300 1556 consederant,
312 1505 336 1549 in
347 1505 423 1550 urbem
432 1505 504 1551 rediit.

83 1619 84 1623 Ἰ
113 1566 213 1615 ΧΧΧΙ.
230 1566 317 1614 Iisdem
324 1568 396 1615 ferme
412 1569 494 1626 diebus,
508 1569 587 1616 iisdem
598 1570 672 1617 causis
684 1571 746 1618 Ger-

82 1635 177 1680 manicae
192 1633 294 1695 legiones
312 1635 413 1688 turbatae,
431 1646 515 1694 quanto
525 1634 607 1695 plures,
618 1641 684 1682 tauto
696 1636 746 1682 vio·

82 1699 179 1745 lentius:
198 1707 222 1745 et
239 1695 325 1759 magud·
339 1714 385 1760 spe,
402 1698 451 1745 lore
462 1707 487 1745 ut
499 1699 649 1746 Germanicus
667 1698 748 1748 Caessr

80 1765 198 1825 imperium
209 1763 300 1809 alterius
316 1764 361 1824 pati
373 1764 481 1825 nequiret,
493 1763 599 1824 daretque
612 1779 637 1810 se
647 1765 746 1824 legioni·

82 1829 131 1879 bus.
144 1828 166 1873 vi
178 1825 218 1874 sud
229 1835 310 1874 cuncta
320 1829 430 1875 tractaris.
451 1827 507 1875 Duo
518 1829 577 1891 apud
587 1829 657 1889 ripam
670 1828 748 1877 Rbeni

82 1893 195 1940 exereitus
210 1900 285 1939 erant:
306 1893 341 1939 oui
361 1907 443 1939 nomen
460 1894 575 1955 superiori,
595 1895 635 1940 sub
653 1892 681 1942 C.
692 1895 748 1942 Silio

81 1958 174 2019 legat03
198 1957 331 2006 inferiorern,
349 1962 380 2003 A.
387 1956 480 2006 Caecina
498 1958 595 2004 curabat.
633 1957 748 2020 Regimen

33 2080 35 2086 A
83 2038 178 2070 summae
197 2024 228 2069 rei
244 2038 313 2084 penes
329 2023 498 2079 Germanicum,
516 2023 605 2084 agendo
622 2023 749 2070 Galliarum

82 2089 160 2135 censui
171 2095 220 2134 tum
230 2089 350 2134 intentum.
384 2087 429 2134 Sed
443 2089 522 2148 quibus
538 2087 606 2134 Silius
616 2089 748 2135 moderaba-

83 2160 127 2209 tur,
139 2160 215 2199 mente
223 2151 328 2213 ambiguis
335 2151 447 2199 fortunam
456 2152 571 2198 seditionis
579 2153 658 2199 alienae
667 2168 748 2214 specu-

82 2218 198 2264 labantur:
218 2216 329 2263 inferioris
344 2217 456 2264 exercitiis
470 2217 573 2263 milesia
592 2218 675 2264 rabiem
694 2234 747 2279 pro·

84 2283 160 2345 lapsus
168 2289 212 2338 est,
224 2289 274 2328 orto
285 2283 312 2328 ab
320 2283 529 2328 unaetvieesimanis
540 2283 697 2342 quintanisque
705 2283 749 2329 ini·

83 2348 123 2400 tio,
140 2355 163 2393 et
173 2347 250 2393 tractis
260 2345 334 2409 primis
349 2362 438 2408 quoque
449 2362 475 2394 ao
486 2346 592 2412 vicesimi
608 2347 747 2408 legionibus:

84 2426 137 2458 nam
152 2412 230 2458 iisdem
251 2411 335 2457 aestivis
349 2412 372 2456 in
387 2410 467 2459 linibus
487 2411 598 2458 Ubiorum
614 2412 752 2460 habebantur

83 2493 124 2538 per
135 2476 206 2522 otium
218 2483 256 2521 aut
267 2477 326 2522 levia
336 2477 419 2522 munia.
453 2475 536 2538 Igitur,
555 2476 630 2522 audito
640 2475 686 2522 fine
698 2477 750 2525 Au-

72 2541 145 2601 gusti
169 2541 291 2589 vernacula
308 2541 438 2598 multitudo,
459 2557 530 2604 nuper
548 2541 638 2586 aotoin
645 2543 703 2583 urbe
717 2543 757 2585 be·

61 2604 133 2664 lectu,
155 2608 262 2660 lasciviae
279 2615 356 2669 sueto⁴
378 2600 775 2661 inormlotolennnmnsllm
