1680 2910
111 141 127 183 s
208 133 402 183 snnsmun
418 133 502 182 nsi.
515 133 574 184 crs.
587 138 626 184 11.
663 138 780 196 noio.

110 263 213 313 solvisse
245 264 329 312 Pacem
341 265 389 312 sine
399 266 465 312 dubio
479 267 586 328 posthaec,
603 282 681 312 verum
696 282 777 313 cruen-

109 338 171 377 tam:
190 329 312 384 Lollianas,
322 329 476 391 Varianasque
485 331 571 388 clades;
588 331 717 378 interfectos
727 332 776 379 Ro-

108 411 154 442 mae
166 394 288 449 Varrones,
300 395 418 456 Egnatius,
430 395 503 444 Julos.
529 395 581 442 Nec
587 397 714 443 domesticis
726 398 776 442 abs·

109 460 228 506 tinebatur.
261 459 365 507 Abducta
385 461 471 507 Neroni
488 476 557 507 uxor:
583 469 606 507 et
621 461 716 507 consulti
735 477 776 522 per

109 523 360 586 ludibriumpontifices,
372 540 400 571 an
409 535 525 586 concepto,
534 526 628 572 necdum
636 527 695 572 edito
703 535 774 588 partu,

109 591 153 636 rite
160 591 263 636 nuberet:
284 589 315 643 Q,
324 588 389 636 Tedii
397 598 420 637 et
429 589 495 637 Vedii
505 590 614 637 PoIlIonis
622 592 701 637 luxus:
722 607 774 652 pos·

109 661 182 701 tremo
200 653 273 707 Livia,
290 655 366 716 gravis
383 656 406 702 in
426 656 583 716 rempublicam
601 666 678 710 mater,
699 657 775 717 gravis

108 719 186 765 domui
199 717 317 766 Caesarum
328 734 432 766 noverca.
464 720 529 766 Nihil
544 721 636 767 deorum
653 722 774 768 honoribus

110 784 220 837 relictum,
236 798 287 830 cum
299 799 323 830 ae
335 785 424 845 templis
435 792 458 831 et
467 785 543 848 effigie
554 787 671 831 numinum
681 801 722 847 per
732 784 774 832 fla·

93 857 95 862 '
112 849 185 895 mines
196 854 219 894 et
230 849 356 895 sacerdotes
367 851 410 896 coli
422 850 502 896 vellet:
522 865 551 897 ne
561 849 676 896 Tiberium
685 850 775 910 quidem

109 915 201 960 caritate
216 921 255 960 aut
272 914 398 975 reipublicae
412 913 465 960 curri
481 930 633 961 successorem
649 915 773 972 adscitum

110 979 156 1031 sed,
174 978 278 1038 quoniam
295 979 445 1040 arrogantiam
463 980 617 1040 saevitiamque
636 981 683 1042 ejus
701 980 773 1025 intro-

111 1043 215 1104 spexerit,
228 1045 393 1104 comparatione
403 1042 521 1091 deterrimi
533 1045 573 1090 sibi
584 1045 679 1105 gloriam
691 1045 773 1104 quaesi·

108 1108 175 1155 visse.
209 1106 303 1154 Etenim
322 1108 447 1172 Augustus,
466 1110 543 1172 paucis
563 1117 614 1155 ante
632 1111 702 1163 annis,
722 1124 773 1154 cum

108 1171 201 1220 Tiberio
220 1172 359 1219 tribuniciam
381 1181 515 1235 potestatem
535 1189 549 1219 a
567 1175 665 1235 patribus
684 1189 772 1218 rursurn

108 1237 238 1298 postularet,
254 1252 388 1298 quamquam
400 1237 485 1284 bonoria
502 1239 609 1293 oratione,
627 1238 728 1299 quaedam
746 1238 774 1284 de

108 1303 184 1349 babitu
195 1302 301 1362 cultuque
311 1308 335 1348 et
350 1303 457 1349 institutis
468 1303 516 1365 ejus
526 1304 619 1365 jecerat,
636 1318 693 1364 quae,
710 1303 773 1349 velut

110 1367 245 1420 excusando,
257 1367 406 1428 exprobraret
541 1406 544 1412 .

141 1429 187 1478 xl.
206 1429 321 1478 Caeterum
336 1430 450 1493 sepulturi
463 1447 526 1478 rnore
543 1430 649 1493 perfecti,
662 1427 771 1492 t‘emplum

110 1503 134 1542 et
145 1497 250 1542 coelestes
261 1496 381 1557 religiones
396 1497 554 1544 decernuntur.
587 1497 668 1544 Versae
678 1498 731 1542 inde
746 1497 774 1542 ad

108 1559 225 1607 Tiberium
236 1575 320 1621 preces.
351 1560 385 1607 Et
395 1561 433 1608 ille
445 1564 507 1609 varie
517 1563 648 1609 disserebat:
659 1563 697 1615 ¹de
707 1577 772 1622 mag·

108 1626 211 1672 nitudine
225 1626 320 1687 imperii,
337 1624 378 1672 sui
393 1627 500 1674 modestiri
508 1645 516 1686 3
534 1629 604 1674 solam
616 1628 661 1674 divi
673 1627 772 1686 Augusti

107 1698 207 1737 mentem
219 1696 288 1737 tantae
301 1691 368 1738 molis
383 1707 499 1753 capacem;
517 1709 548 1743 se,
564 1694 588 1738 in
604 1699 690 1754 partem
708 1707 772 1737 cura-

108 1770 158 1802 rum
170 1755 247 1802 abillo
258 1763 370 1811 vocaturn,
443 1757 520 1803 riendo
531 1758 641 1810 didicisse,
658 1770 723 1816 quam
736 1771 772 1800 ar-

107 1819 183 1872 duum,
195 1835 262 1880 quam
273 1821 396 1883 subjectum
417 1831 505 1868 ortunae
515 1821 608 1883 regendi
616 1826 771 1877 cunctaonus;

106 1884 207 1947 proinde,
224 1885 349 1931 incivitate
362 1893 397 1932 tot
411 1886 532 1933 illustribus
543 1886 597 1932 vin's
608 1881 708 1938 subnixi,
726 1899 772 1930 non

106 1949 136 1996 ad
148 1964 217 1995 unum
226 1950 301 1996 omnia
311 1949 437 1997 deferrent:
456 1952 532 2012 plures
542 1949 629 1996 facilius
640 1949 717 1995 munia
728 1951 771 1995 rei·

105 2014 202 2076 publicae
214 2014 303 2061 sociatis
311 2015 424 2062 laboribus
434 2023 588 2062 exsecuturos.
622 2013 678 2064 Plus
689 2014 712 2058 in
721 2029 771 2059 ora·

106 2079 169 2125 tione
190 2079 229 2124 tali
252 2080 367 2140 dignitatis
387 2095 454 2140 quarn
472 2079 525 2125 lidei
543 2085 605 2125 eratr
630 2077 772 2138 Tiberioque,

106 2145 174 2190 etiam
185 2144 208 2189 in
220 2144 285 2190 rebus
300 2159 356 2204 quas
370 2159 415 2190 non
433 2145 551 2197 occuleret,
569 2159 608 2190 seu
627 2143 707 2189 naturi.
723 2144 771 2189 sive

106 2208 255 2263 assuetudine,
268 2223 375 2270 suspensa
385 2224 473 2270 semper
482 2216 505 2254 et
517 2209 610 2255 obscura
618 2210 696 2254 verba:
717 2215 771 2254 tunc

105 2288 160 2319 vero
171 2273 258 2327 nitenti,
267 2280 293 2319 ut
304 2289 384 2321 sensus
396 2289 448 2322 suos
459 2275 548 2335 penitus
557 2275 653 2328 abderet,
665 2275 688 2319 in
697 2273 771 2318 incer-

106 2343 155 2383 tum
167 2344 190 2383 et
201 2338 330 2399 ambignum
345 2340 417 2400 magis
432 2339 608 2400 implicabantur.
640 2340 674 2384 At
689 2345 770 2398 patres,

105 2402 185 2461 quibus
196 2417 254 2449 unus
265 2411 344 2459 metus,
361 2405 378 2450 si
391 2405 517 2466 intelligere
528 2404 664 2456 viderentur,
676 2402 699 2446 in
715 2417 770 2462 que·

103 2473 161 2521 atus,
168 2467 345 2528 lacrymwota
355 2468 453 2526 effundi;
470 2469 567 2523 addens,
577 2469 604 2515 ad
612 2467 710 2528 effigiem
718 2467 769 2512 Au-

91 2533 166 2587 ellstd
184 2531 217 2577 ad
220 2548 299 2594 genua
310 2534 382 2597 ipsius
392 2549 475 2583 manus
486 2534 596 2583 tendere:
616 2547 670 2578 curn
677 2531 777 2592 proterii

77 2590 184 2639 lrbellm
202 2598 344 2662 recitarique
355 2603 439 2665 Jussit
476 2601 542 2668 Opes
560 2599 663 2665 publicae
679 2594 786 2642 coutine-

56 2648 162 2705 ΜΨ
173 2672 293 2720 quantum
307 2670 401 2721 civium
409 2672 589 2736 sociorumque
598 2666 625 2716 'm
637 2662 726 2715 arulis·-
735 2660 800 2718 Ψ*
