1680 2910
90 132 140 178 too
276 120 570 174 strenationem
643 124 764 177 mator·

89 259 124 307 uti
134 256 224 312 assolet,
234 256 259 304 in
270 256 370 304 diversas
380 257 443 304 ibant
450 256 582 304 mundar·
610 252 684 303 Unus
692 253 761 305 ure·

89 324 250 372 rescensebat
271 338 339 385 super
358 324 435 369 omnir
451 336 509 384 opus
528 336 580 369 erae
598 319 759 369 tumtunm

89 387 154 435 mori
161 403 197 434 res
205 389 328 449 corrumpi:
343 388 503 450 plurimasjam
509 387 608 434 omissos
615 386 760 435 occasiones:

90 452 172 502 Caium
174 453 277 531 potuisse
284 451 385 507 interfici,
394 450 531 514 Capitolium
539 451 727 507 adscendentem,
737 458 762 498 ut

88 533 130 581 pro
140 516 187 563 lilio
197 532 261 563 sacru
270 516 369 575 faceret;
388 517 426 564 vel
440 532 455 563 e
469 515 560 564 rumml
573 515 669 564 trstttct
680 516 760 579 preci·

88 582 161 645 pitari,
178 597 230 629 cum
247 597 353 629 nummos
369 582 393 629 in
408 583 496 645 plebem
513 583 648 644 spargebam
668 582 708 629 vel
723 596 762 645 op·

89 662 339 760 winili?
349 648 761 774 blulhlllffissffi

89 778 159 824 ermis
173 777 288 839 indigere:
311 791 325 823 a
338 777 381 823 diis
391 778 433 824 sibi
443 792 494 824 eum
504 778 552 824 vim
563 778 666 840 corporis
678 777 760 831 datum

89 850 115 889 ut
125 843 188 889 solur
199 843 316 903 nudusque
326 843 401 889 valeat
411 840 469 890 Caio
477 856 564 899 neoem,
575 844 658 905 patriar
665 842 761 890 salutem

123 969 277 1034 [Intrepidum
294 969 398 1020 Cbaereoe
413 972 514 1019 animum
530 986 611 1019 ornnes
630 970 761 1036 probus-dre,

34 1089 38 1095 ,
89 1043 179 1084 orantes
191 1045 267 1084 tamen
278 1052 308 1083 ne
318 1036 461 1098 praeproperi
472 1036 619 1085 festinatione
631 1052 669 1085 res
680 1039 705 1084 in
715 1037 760 1085 ‹tis-

89 1103 176 1148 erimen
191 1101 319 1158 adducatur,
336 1109 361 1149 et
373 1102 485 1150 malorum
499 1102 626 1150 remedium
639 1104 663 1150 in
676 1103 762 1166 majora

90 1173 114 1214 et
124 1166 256 1214 insanabilia
265 1167 325 1214 mala
335 1173 444 1215 vertatur.
467 1167 547 1215 Ludos
555 1167 673 1216 Palatinos
680 1182 760 1231 quiam·

89 1233 188 1294 primum
210 1232 323 1279 edendos:
349 1234 394 1280 boe
414 1233 624 1281 commodissimum
646 1234 762 1280 meditata

89 1298 160 1345 cedis
176 1305 279 1359 tempor:
304 1296 369 1345 Urbe
385 1299 517 1361 spectaculis
531 1296 628 1353 intenti,
645 1298 761 1361 imperatio

90 1363 231 1417 satellitibus,
238 1363 419 1410 rutoblocorum
426 1363 543 1426 angustias
549 1364 671 1426 impeditio,
677 1361 760 1412 Otium

89 1428 220 1475 vulneribus
231 1435 304 1475 totum
316 1427 365 1475 fore
378 1430 488 1491 pervium.
523 1426 627 1483 Cbaereo,
640 1428 697 1475 licet
710 1442 760 1475 mo·

90 1507 165 1539 rarum
177 1493 303 1554 impatiens,
315 1495 437 1549 consensit,
447 1501 472 1541 et
480 1495 597 1556 graviores
605 1500 709 1556 tempore
717 1493 761 1540 irat

89 1556 177 1613 fovens,
187 1559 315 1605 condictum
324 1559 382 1605 diem
390 1560 488 1620 primum
496 1559 602 1607 ludorum
610 1558 760 1620 exspectavit.

90 1620 171 1668 illuxit
186 1624 292 1680 tandem3
313 1631 336 1670 at
353 1624 421 1671 variis
438 1624 524 1670 casibus
538 1623 684 1686 praepeditus,
701 1637 760 1669 nun-

89 1701 157 1746 quam
169 1688 192 1733 in
204 1688 277 1734 scelus
287 1689 368 1749 patuit.
399 1688 505 1742 eratuor
515 1704 606 1750 quoqne
616 1689 761 1749 sequentibus

89 1751 168 1798 diebus
183 1754 350 1815 conjuratorum
366 1754 554 1810 consternatione,
570 1760 611 1801 out
625 1754 762 1817 ancipitibus

89 1817 196 1872 consiliis,
208 1817 264 1864 nihil
274 1824 418 1865 ostentatum.

123 1879 263 1944 [Infremens
273 1882 369 1931 Cbaerea
376 1883 489 1938 factiosos,
502 1884 525 1929 in
534 1898 604 1930 unum
613 1890 760 1939 convocatos,

86 1947 169 2010 Juratae
179 1947 232 1994 tidei
243 1947 359 2004 memorii,
374 1949 508 2010 proditionis
518 1956 589 2004 metu,
606 1946 658 1996 Caii
668 1949 762 2027 impune

90 2013 195 2073 quaelibet
209 2014 285 2060 ausuri
299 2012 396 2070 licentii,
411 2029 526 2075 nunquam
538 2013 710 2061 intermoritura
719 2027 761 2076 pa·

89 2078 163 2124 trandi
179 2077 285 2125 facinoris
301 2079 375 2142 gloril
390 2079 418 2126 ad
437 2079 551 2126 audaciam
570 2079 663 2126 excitat.
696 2077 762 2126 Exin

87 2143 203 2203 paululum
215 2143 289 2199 silens,
301 2146 464 2205 exterritosque
475 2159 501 2191 ac
512 2151 589 2191 mutos
600 2145 762 2206 obstupescere

88 2205 192 2264 miratus,
208 2209 314 2256 subirasci
330 2216 353 2256 et
367 2224 468 2270 quaerere
482 2209 536 2270 quid
552 2215 702 2262 morarentur,
718 2208 762 2254 viri

88 2269 222 2318 fortissimi?
246 2274 335 2322 Adesse
345 2275 448 2322 ludorum
460 2274 519 2320 diem
530 2273 645 2320 ultimam:
667 2272 759 2327 Caium,

88 2334 160 2383 effuso
172 2338 280 2384 nobilium
294 2347 318 2386 et
331 2341 467 2403 optimorum
483 2354 625 2400 quorumque
640 2339 760 2400 sanguine,

89 2399 252 2449 Alexandriam
263 2419 318 2450 mox
328 2405 492 2468 profecturum:
513 2419 565 2451 suas
579 2403 693 2461 libidines,
709 2402 762 2450 Ro·

89 2480 208 2513 manorum
232 2468 347 2517 infamiam
372 2469 433 2517 terrd
457 2470 558 2531 marique
582 2474 760 2516 ostentaturum.

83 2530 149 2582 Haec
164 2531 283 2585 inaudisse
298 2537 448 2591 horrendum,
461 2535 525 2582 terre
537 2535 615 2594 margia
626 2534 768 2591 pudendum,

71 2600 231 2669 AEgyptium,
245 2606 337 2656 scelera
345 2592 786 2657 exosummciortauiiurumriffibm

63 2674 172 2724 mannii
187 2673 582 2745 facinoris-ipsisproerepturum.
614 2654 803 2714 §prebuerant
