1680 2910
114 191 161 229 ¹ltu.
212 182 406 233 ANNALIUM
423 183 532 232 mant
545 183 653 234 cnara.
702 190 733 232 9³

106 318 131 367 rt,
141 311 207 362 Nare
218 330 245 362 ac
257 330 311 363 mox
321 315 398 363 'liberi
409 317 523 371 derectus,
536 317 598 363 suxit
608 316 672 378 vrrlgi
683 315 734 368 iras,

101 379 122 425 is
131 392 214 427 nerem
232 381 321 428 tumulo
332 380 450 430 Caesarurn
470 381 599 443 appulerat;
616 382 695 442 dieque
711 390 736 425 et

97 440 247 506 unquenti.
264 461 349 508 magno
365 448 480 493 clientium
492 448 583 508 agmine
598 447 652 508 ipse,
668 446 736 491 semi-

93 522 149 555 uum
160 511 269 557 comitatu
281 510 397 565 Plancina,
412 519 435 558 et
445 512 510 558 vultu
521 511 606 558 alacres
617 509 736 558 incessere.

91 572 125 621 uit
135 574 195 622 inter
206 576 343 623 irritamenta
354 577 445 623 invidiae
456 578 537 623 domus
546 575 596 622 foro
608 577 734 628 imminens,

84 644 227 695 marnaio,
244 642 418 703 conviviumque
434 648 458 687 et
475 641 554 703 epulae,
573 648 596 687 et
607 640 735 687 celebritate

80 702 112 749 aci
123 704 180 751 nibil
190 706 312 753 occrrlturn.

100 766 134 815 X.
153 767 249 816 Posteri
259 771 295 817 die
307 770 423 818 Fulcinius
433 770 489 818 Trio
498 771 605 817 Pisonem
613 771 671 832 apud
680 784 735 816 con·

72 832 130 880 mles
139 835 271 896 postulavit.
304 834 391 884 Contra
401 836 508 883 Vitellius
519 852 545 882 ac
557 835 676 888 Veranius,
688 849 734 880 cte·

68 899 161 959 letique,
174 900 337 947 Germanicum
347 902 456 957 comitati,
467 901 594 953 tendebant,
606 900 678 945 nullas
686 914 736 945 esse

67 970 143 1024 partes
155 962 252 1022 Trioni3
269 980 342 1025 neque
357 981 381 1012 se
395 974 542 1019 accusatores,
560 966 599 1011 sed
614 980 687 1010 rerum
700 964 734 1009 in·

69 1026 131 1075 dices
141 1037 167 1075 et
178 1037 255 1085 testes,
267 1031 370 1077 mandata
380 1031 509 1078 Germanici
520 1031 652 1091 perlaturos.
665 1060 670 1073 .
685 1027 736 1082 llle,

69 1090 164 1140 dimissi
173 1095 223 1156 ejus
232 1110 308 1141 causae
318 1095 437 1149 delatione,
449 1104 474 1141 ut
485 1097 580 1157 priorem
590 1095 659 1141 sitam
668 1109 735 1140 accu-

67 1166 134 1212 reret,
145 1159 251 1215 obtinuit,
262 1161 401 1222 petitumque
409 1161 576 1222 estaprincipe,
583 1159 735 1220 cognitionem

66 1223 195 1285 exciperet:
215 1225 276 1285 quod
287 1240 316 1272 ne
327 1241 378 1273 reus
389 1226 478 1285 quidem
487 1225 602 1277 abnuebat,
614 1224 688 1270 studia
695 1239 736 1284 po·

67 1288 115 1351 puli
126 1296 150 1334 et
161 1295 250 1351 patrum
261 1301 377 1346 metuens;
395 1298 480 1344 contra,
497 1287 612 1336 Tiberium
628 1303 735 1350 spernen-

68 1352 103 1400 dis
109 1354 237 1401 rumoribus
245 1355 351 1409 validum,
363 1364 386 1402 et
393 1355 536 1402 conscientiae
543 1355 621 1400 matris
629 1355 736 1399 innexum

68 1432 131 1465 esse:
151 1434 249 1480 veraque
261 1427 300 1466 aut
312 1421 336 1466 in
349 1421 446 1467 deterius
462 1421 552 1474 credita,
564 1419 642 1481 judice
653 1419 681 1464 ab
691 1433 737 1464 uno

67 1481 158 1530 facilius
169 1484 280 1531 discerni:
300 1486 376 1531 odium
385 1494 409 1531 et
419 1486 525 1532 invidiam
534 1485 592 1546 apud
601 1484 684 1529 multos
696 1498 735 1528 ua·

66 1547 122 1595 lere.
157 1547 228 1596 Haud
249 1549 340 1597 fallebat
362 1550 477 1597 Tiberium
500 1550 571 1596 moles
593 1549 736 1610 cognitionis,

69 1612 160 1674 quisque
170 1615 218 1676 ipse
227 1613 288 1662 samri
295 1616 460 1661 distraheretur.
493 1614 574 1677 Igitur,
585 1614 662 1675 paucis
669 1612 736 1658 sami·

68 1678 159 1725 liarium
174 1679 284 1735 adhibitis,
301 1681 374 1726 minas
389 1681 540 1726 accusantium
556 1689 579 1726 et
595 1680 646 1725 hinc
659 1692 737 1739 preces

69 1742 139 1797 audit,
155 1745 311 1807 integramque
322 1761 410 1792 causam
423 1746 451 1792 ad
461 1752 563 1791 senatum
575 1744 676 1790 remittit.

103 1807 152 1855 XI.
180 1810 258 1871 Atque
280 1811 370 1856 interim
395 1810 494 1864 Drusus,
522 1809 610 1855 rediens
636 1806 736 1869 Illyrico,

70 1888 206 1935 quamquam
217 1883 291 1936 patres
302 1876 448 1930 censuissent,
464 1876 493 1921 ob
503 1881 617 1936 receptum
629 1873 738 1919 Marobo-

71 1938 149 1997 duum,
167 1948 243 1987 atres
260 1941 334 2001 priore
351 1947 429 1986 aestate
443 1947 525 2001 gestas,
542 1947 568 1984 ut
584 1953 655 1984 ovans
665 1938 739 1991 iniret,

72 2002 162 2064 prolato
178 2005 270 2059 honore,
286 2006 363 2051 urbem
379 2006 476 2051 intravit.
509 2003 567 2050 Post
581 2018 632 2063 quae
647 2019 693 2055 reo,
710 2001 740 2048 L.

72 2067 216 2124 Arruntium,
228 2068 258 2116 T.
267 2069 389 2121 Vinicium,
405 2070 510 2116 Asinium
523 2068 623 2119 Gallum,
634 2067 740 2113 AEserni·

73 2147 129 2179 num
149 2133 293 2187 Marcellum,
311 2135 364 2181 Sex.
377 2133 510 2195 Pompeium
523 2141 630 2194 patronos
647 2132 739 2192 petenti,

73 2195 146 2258 iisque
162 2198 251 2245 diversa
265 2199 429 2253 excusantibus,
448 2199 484 2245 M.
494 2197 593 2259 Lepidus
608 2203 631 2243 et
646 2195 675 2244 Ia
685 2195 741 2245 Piso

73 2270 98 2309 et
109 2261 228 2310 Livineius
239 2263 343 2325 Regulus
360 2262 456 2317 adfuere,
473 2260 559 2310 arrecti
570 2263 631 2308 omni
642 2263 741 2317 civitate,

74 2335 158 2391 quanta
168 2328 224 2375 fides
235 2330 313 2375 amicis
325 2329 462 2383 Germanici,
478 2344 529 2389 quae
539 2326 620 2374 fiducia
631 2344 682 2374 rco:
704 2344 740 2375 sa·

75 2390 126 2438 ti'o’
138 2394 253 2440 cohiberet
263 2408 289 2440 nc
304 2402 416 2456 premeret
427 2409 505 2440 sensus
516 2409 570 2440 suos
580 2393 691 2440 Tiberius.
709 2391 742 2441 lis

73 2457 134 2504 baud
148 2458 203 2505 alias
217 2459 325 2505 intentior
339 2458 443 2520 populus,
459 2459 509 2520 plus
525 2459 564 2505 sibi
581 2459 604 2504 in
619 2459 741 2519 principem

76 2522 172 2569 occultae
183 2524 246 2569 vocis
257 2530 297 2569 aut
307 2524 428 2584 suspicacis
436 2524 516 2569 silentii
527 2524 635 2584 permisit

107 2585 170 2634 xli.
187 2586 235 2635 Die
244 2588 336 2636 senatus
348 2585 429 2639 Casas
444 2588 574 2637 orationem
583 2586 750 2635 habdarraha-

70 2658 119 2697 rato
133 2658 331 2717 temperamento:
354 2657 436 2708 Patris
449 2657 486 2707 sui
499 2656 612 2721 legatum
624 2661 699 2712 atauo
709 2647 749 2694 am*

59 2727 115 2761 ΜΨ
123 2714 238 2789 Quem
247 2723 333 2789 fnisse,
346 2730 538 2799 adiutoremque
544 2714 745 2777 nemausam
