1680 2910
57 162 80 200 J.
90 163 115 200 c.
126 165 158 200 31.
244 157 296 205 Lm.
308 158 338 204 V.
355 156 555 206 ANNALIUM.
680 161 723 204 tea

52 291 112 352 jano
123 289 214 335 intimos
220 289 294 351 plecti,
305 288 410 352 SeJanum
418 289 575 351 comprehendi
585 290 648 353 (eum
656 287 726 344 enlm,

57 369 90 401 ne
101 353 246 401 efferarentur
257 355 332 408 animi,
350 361 424 401 morte
439 353 579 401 afficiendum
598 353 724 401 secretiori·

58 421 103 466 bus
114 420 213 481 imperiis
229 417 396 478 mandaverat):
416 433 441 466 se
455 419 553 466 Romam
564 420 632 466 modo
642 426 724 466 ventu-

58 499 110 530 rum
120 501 126 530 a
146 484 241 531 alterum
256 498 287 530 ex
297 484 425 530 consulibus
435 485 578 542 mittendum,
596 484 634 545 qul
646 498 723 531 senem

57 549 190 611 principem,
213 550 289 596 auxilii
310 551 406 610 inopem,
438 548 461 595 in'
481 557 626 611 conspectum
645 560 724 596 eorum

58 626 112 660 cum
123 614 214 660 militari
232 615 336 675 prasidio
354 615 497 676 perduceret.
526 614 626 676 Sepanas,
646 615 723 660 statim

57 679 128 734 solus,
140 680 197 725 etin
210 678 283 725 subitb
288 680 392 726 vastitate
400 680 505 742 trepidus,
517 680 649 741 pallescere3
663 692 723 740 prae-

56 745 145 790 toribus
163 759 189 790 ac
204 744 298 790 tribunis
314 744 383 806 plebis
394 745 487 799 cinctus,
505 745 677 800 exhorrescere3
694 743 723 790 ad

56 822 138 855 vocem
150 809 248 855 consulis
258 809 405 863 inclamantis,
414 809 497 856 “Ades
505 810 555 864 hac,
564 807 722 872 SeJ'ane,”non
795 826 799 834 ·

54 873 125 928 fastu
138 875 177 920 sed
187 874 279 935 parendi
290 874 441 930 desuetudine,
452 883 475 920 et
486 882 564 936 captus
575 875 649 928 animi,
661 873 722 920 ausl-

54 939 99 985 bus
111 953 156 985 uon
168 947 302 1000 competere.
325 937 426 987 Consule
436 941 549 986 lterum'et
559 941 656 993 tertium,
668 952 722 1000 pro-

54 1001 121 1050 tentis
132 1019 206 1059 manu,
226 1005 367 1058 inclamante,
386 1004 532 1059 “Adesdum,
545 1000 649 1066 Sejane,”
669 1016 721 1050 cum

54 1076 160 1130 surgeret
166 1068 290 1122 exanimus,
297 1069 359 1116 Laco
368 1070 459 1122 adstitit,
464 1070 554 1130 vimque
562 1069 654 1132 pararit.
661 1066 721 1114 Ver·

52 1131 189 1186 absortum,
207 1134 325 1181 confestim
337 1141 464 1180 senatorum
477 1133 576 1181 confusis
586 1134 720 1180 clamoribus

56 1206 81 1245 et
92 1198 217 1245 maledictis
228 1200 326 1259 undique
334 1200 456 1261 impetitur.

91 1260 229 1326 [Memmius
237 1263 347 1325 Regulus,
359 1263 483 1310 studiorum
494 1269 570 1310 tamen
581 1269 605 1309 et
612 1260 722 1309 delibera·

54 1329 146 1375 tionum
161 1329 247 1375 incerta
266 1328 357 1382 veritus,
376 1343 449 1389 neque
468 1329 567 1374 omnium
587 1327 721 1374 sententiam

54 1408 145 1455 rogare,
155 1384 241 1454 'neque
258 1393 336 1454 capitis
354 1394 479 1454 inquirere:
504 1394 544 1439 sed
555 1400 657 1439 senatore
674 1405 720 1440 nno

54 1458 201 1505 vinciendum
213 1472 275 1504 reum
290 1458 321 1503 illi
338 1459 480 1513 assentiente,
494 1458 558 1521 Jubet
569 1457 642 1504 vincla
653 1457 720 1519 injici.

56 1522 113 1584 Ipso
135 1523 198 1578 duce,
221 1524 353 1585 stipantibus
371 1523 543 1585 magistratibus,
566 1523 589 1568 in
608 1536 720 1569 carcerem

55 1588 160 1635 trahitur.
198 1587 310 1649 Disrupto
330 1587 448 1650 Sejaniano
462 1588 527 1650 jugo,
550 1586 620 1634 effusa
641 1587 722 1633 civitas

57 1653 137 1699 omnia
154 1653 291 1715 principatus
308 1653 407 1699 facinora
425 1653 449 1698 in
468 1653 573 1715 Sejanum
590 1662 720 1714 congerere,

55 1718 181 1780 principem
196 1719 301 1772 laudare;
320 1717 381 1778 plebs
398 1724 462 1763 tanto
480 1718 617 1772 insolentior,
635 1724 721 1778 quanto

57 1797 112 1829 reus
131 1783 247 1837 excelsior,
266 1783 358 1843 ipsaque
377 1783 485 1837 miserior,
507 1783 586 1839 laetari,
605 1781 721 1840 insultare,

56 1848 192 1909 exprobrare
203 1848 302 1901 crimina,
322 1863 372 1909 spes
383 1848 480 1902 irridere,
492 1855 522 1902 et,
533 1855 559 1893 ut
570 1849 597 1894 ad
607 1848 721 1909 infamiam

55 1919 139 1975 pateat,
158 1912 255 1958 velatam
273 1913 355 1958 faciem
373 1919 487 1974 retegere:
506 1912 630 1973 discerpere
640 1913 721 1974 imagi·

56 1992 106 2030 nes,
118 1983 204 2023 statuae
220 1977 337 2032 devellere,
349 1984 442 2039 raptare,
454 1976 604 2038 confringere,
616 1984 645 2029 et,
657 1977 720 2037 quasi

55 2043 80 2087 in
93 2042 201 2103 Sejanum
213 2043 325 2097 saevirent,
342 2041 423 2089 furere.
456 2040 514 2104 Ipse,
531 2043 555 2086 in
572 2042 651 2088 laceris
662 2057 721 2102 prae·

56 2108 133 2152 terltae
155 2106 253 2153 fortunae
278 2106 378 2168 reliquiis
400 2108 565 2154 imminentium
588 2107 628 2153 sibi
650 2107 721 2162 testis,

55 2170 174 2217 clauditur.

91 2234 156 2298 [Nec
168 2251 237 2282 mora
271 2235 351 2282 Patres
371 2237 398 2282 ad
414 2236 484 2282 aedem
498 2234 632 2283 Concordiae
643 2237 721 2291 coacti,

45 2298 110 2347 'eum
122 2301 178 2347 nibil
195 2302 294 2347 turbaret
310 2301 411 2362 populus,
427 2316 501 2362 neque
515 2301 643 2362 praetoriani
654 2315 722 2362 appa·

56 2372 139 2421 retent,
160 2372 185 2411 uf
202 2365 320 2427 properati
337 2365 411 2427 Sejani
422 2372 495 2412 morte
505 2366 598 2428 principi
609 2364 722 2427 gratifica·

58 2439 137 2477 rentur
154 2428 270 2477 censuere.
302 2429 429 2478 Confestim
440 2431 509 2478 misso
520 2431 599 2477 mortis
609 2436 720 2486 exactore,

57 2496 168 2558 supplicio
187 2494 281 2542 affectus
301 2502 351 2551 est;
376 2502 399 2541 et
416 2496 440 2541 in
460 2496 583 2542 Gemonias
601 2497 720 2556 projectus,

58 2561 120 2616 deos,
133 2562 162 2607 ob
172 2561 287 2607 fortunata
297 2560 382 2607 scelera
392 2561 431 2607 diu
440 2561 535 2616 invisos,
545 2559 653 2612 absoluit,
660 2559 735 2605 rurae
789 2567 794 2571 '

52 2640 119 2682 quam
136 2624 228 2671 fortund
245 2625 386 2690 insignitior.
424 2626 486 2677 Post
496 2626 547 2676 fata
561 2626 637 2673 efrem
647 2619 753 2670 suriest

36 2692 133 2744 patres:
152 2696 176 2735 et
196 2691 226 2736 ad
246 2693 389 2744 abolendam
401 2697 472 2746 exosi
482 2693 599 2745 lronfmis
606 2685 772 2737 meracum
