1680 2910
81 162 130 210 ³06
181 149 375 205 ANNALIUM
385 152 439 202 Lu.
449 151 498 204 Xl.
510 150 571 204 Car.
581 157 605 201 8.
623 138 670 195 'm
678 154 703 196 ο.
710 159 755 198 aas.

83 289 187 340 Arruntii
205 295 228 335 et
245 287 377 335 AEsernini:
397 286 425 333 sd
442 300 530 333 summa
539 292 670 348 provectos
680 287 754 335 incor-

83 353 151 418 ruptd
162 351 209 401 vitri
221 360 245 399 et
254 349 365 398 facundii.
396 351 463 398 Talia
472 352 561 398 dicente
572 352 669 399 consule
680 353 755 414 desig·

33 414 38 420 ’
83 429 148 477 nato,
160 419 351 465 consentientibus
367 417 425 474 aliis,
441 418 560 478 parabatur
571 417 695 476 sententia,
712 414 756 478 qui

83 487 136 548 lege
147 483 320 545 repetundarum
331 489 476 537 tenerentur;
494 497 545 528 cum
555 480 649 536 Suilius,
662 489 687 530 et
696 480 755 531 cos·

85 551 193 603 sutianus,
203 556 226 594 et
237 548 322 602 caeteri,
333 548 371 608 qui
384 562 430 594 non
438 547 549 610 judicium
562 547 659 609 (quippe
670 547 693 594 iu
706 562 754 595 rna·

86 612 192 674 nisestos)
211 613 252 660 sed
268 627 359 674 poenam
372 613 439 658 statui
451 613 563 666 videbant,
584 612 755 659 circumsistunt

85 679 208 732 Caesarem,
223 684 326 726 anteacta
334 677 486 739 deprecantes.
519 676 566 732 Et,
580 683 703 740 postquam
713 692 755 724 an·

84 746 141 799 nuit,
152 759 221 806 agere
230 743 350 805 incipiunt:

119 808 179 857 Vll.
197 808 274 863 Quem
289 808 353 854 illurn
364 805 427 854 tantia
438 804 541 869 superbid
551 822 608 862 esse,
624 813 651 854 ut
663 808 754 857 teterai·

87 883 157 924 tatem
168 873 236 921 faruae
248 889 287 936 spe
297 872 438 935 praesumat?
455 873 506 919 usui
517 879 540 918 et
551 873 617 925 rebus
629 874 755 922 subsidium

85 941 215 1004 praeparari,
234 954 264 985 ne
278 939 335 999 quis,
346 937 422 1000 inopii
432 938 600 992 advocatorum,
618 939 755 1000 potentiori·

85 1008 127 1055 bus
139 1005 249 1052 obnoxius
261 1004 305 1050 sit:
324 1018 397 1063 neque
407 1010 483 1050 tamen
491 1002 645 1064 eloquentiam
653 1006 755 1066 gratuito

85 1072 232 1132 contingere:
252 1069 326 1116 omitti
342 1084 407 1115 curas
418 1067 546 1122 familiares,
561 1075 587 1114 ut
598 1068 649 1129 quis
662 1085 688 1117 se
698 1070 754 1117 alie·

85 1138 123 1184 nis
134 1136 233 1197 negotiis
242 1134 358 1180 intendat:
378 1133 462 1180 multos
481 1130 569 1190 militii,
587 1134 699 1194 quosdam
711 1150 754 1182 ex·

86 1201 184 1249 ercendo
202 1215 270 1262 agros
284 1199 380 1245 tolerare
390 1199 475 1245 vitam:
492 1198 548 1244 nibli
559 1212 573 1244 a
583 1212 699 1260 quoquam
711 1215 753 1248 ex·

85 1266 196 1330 peti,‘nisi
208 1266 271 1328 cujus
281 1263 368 1310 fructus
379 1271 431 1310 ante
438 1263 575 1326 praeviderit.
609 1262 688 1312 Facile
696 1265 753 1314 Asi·

84 1333 149 1379 nium
162 1338 185 1378 et
203 1328 334 1385 Messalam,
353 1330 413 1375 inter
431 1329 558 1376 Antonium
577 1336 602 1376 et
619 1329 756 1393 Augustum

85 1397 195 1444 bellorum
218 1395 317 1456 praemiis
338 1394 439 1450 ret'ertos,
459 1402 498 1442 aut
516 1394 596 1440 ditium
616 1394 755 1444 familiarum

85 1462 188 1509 haeredes
201 1459 334 1506 AEserninos
351 1467 374 1506 et
386 1460 514 1515 Arruntios,
530 1475 639 1521 magnum
652 1463 756 1510 anImum

46 1564 48 1577 ,
86 1528 199 1574 induisset
219 1533 307 1587 promta
327 1526 367 1571 sibi
385 1526 494 1586 exempla,
510 1526 601 1585 quantis
612 1528 756 1576 mercedibus

87 1592 115 1639 P.
126 1590 227 1646 Clodius,
240 1599 278 1637 aut
292 1588 320 1637 C.
328 1588 407 1645 Curio,
424 1591 553 1637 concionari
568 1591 629 1637 soliti
640 1593 701 1639 sint:
722 1609 755 1649 se,

86 1658 187 1704 modicos
198 1664 320 1709 senatores,
328 1654 404 1716 quieti
415 1671 461 1718 rep.
473 1656 540 1711 nulla,
553 1657 596 1702 nisi
608 1658 677 1718 pacis,
690 1674 755 1706 erno-

86 1723 188 1769 lumenta
198 1731 281 1783 petere.
314 1719 433 1781 cogitaret
448 1723 545 1783 plebem,
566 1736 618 1782 quae
636 1721 694 1783 togis
705 1725 755 1771 eni·

86 1794 194 1834 tesceret:
210 1787 301 1833 sublatis
313 1787 437 1832 studiorum
448 1788 533 1848 pretiis,
543 1788 610 1832 etiam
619 1788 694 1835 studia
704 1804 757 1850 per·

86 1854 152 1899 itura.
187 1850 222 1899 Ut
232 1852 307 1898 minus
319 1852 399 1898 decora
409 1853 465 1905 haec,
482 1853 514 1898 ita
524 1852 582 1898 haud
593 1852 679 1900 frustm
694 1854 756 1901 dicta

85 1920 189 1981 princeps
202 1925 271 1974 ratus,
283 1917 395 1978 capiendis
406 1918 507 1979 pecuniis
517 1918 593 1978 posuit
604 1919 706 1973 modum,
715 1935 757 1966 us·

85 1999 130 2045 que
145 1984 172 2030 ad
189 1984 246 2029 dena
264 1982 371 2037 sestertia,
389 1997 456 2041 quem
474 1983 560 2044 egressi
577 1984 757 2045 repetundarum

85 2056 224 2095 tenerentur.

39 2143 42 2149 ·
118 2112 192 2160 VIII.
209 2114 255 2160 Sub
266 2113 324 2160 idem
336 2121 425 2174 tempus
437 2113 590 2168 Mithridates,
601 2129 669 2175 quem
682 2116 756 2178 irnpe-
773 2114 776 2119 '

85 2178 165 2226 ritissc
174 2180 295 2233 Armeniis,
308 2186 331 2226 et
341 2180 369 2225 ad
379 2180 522 2240 praesentiam
535 2177 634 2229 Caesaris
645 2189 756 2228 vocaturn

85 2246 216 2299 memoravi,
227 2252 336 2290 monente
351 2243 454 2299 Claudio,
472 2245 495 2291 in
516 2260 612 2307 regnum
633 2248 754 2305 remeavit,

85 2310 141 2356 fisus
155 2309 312 2357 Pharasmanis
323 2311 409 2372 opibus.
442 2308 468 2357 Is
485 2325 527 2357 rex
547 2308 625 2365 Iberis,
646 2312 755 2373 idemque

87 2375 227 2422 Mithridatis
249 2375 324 2429 frater,
344 2376 466 2429 nuntiabat,
484 2376 612 2423 discordare
636 2375 753 2436 Parthos;

86 2457 219 2501 summaque
238 2442 325 2502 imperii
346 2443 466 2503 ambigua3
485 2442 573 2488 minora
584 2445 634 2488 sine
646 2442 702 2489 euri
712 2444 754 2490 ba·

84 2507 139 2552 beri.
172 2506 233 2551 Nam
251 2508 309 2552 inter
321 2506 431 2553 Gotaers
449 2507 556 2568 pleraque
574 2523 637 2554 saeva
648 2508 698 2571 (qui
711 2524 754 2556 ne-

80 2588 132 2620 cem
144 2570 209 2621 fratri
225 2571 343 2620 Artabano
354 2573 493 2636 conpugique
509 2588 537 2618 ac
544 2571 593 2618 iulio
603 2575 653 2634 e'pus
663 2589 754 2635 praepa.

72 2650 174 2702 raserat,
195 2642 259 2691 unde
276 2649 356 2690 metus
373 2641 462 2705 eiusin
472 2634 583 2694 eeterosi
593 2634 768 2680 recenseremu-

65 2711 157 2765 danen.
193 2711 254 2777 Ille,
273 2720 304 2764 ut
326 2718 379 2763 erat
398 2707 499 2773 magnis
512 2702 578 2754 auiis
585 2704 703 2760 promtus,
710 2697 789 2742 ‘dibus
