1680 2910
101 127 135 171 sa
199 120 392 170 ANNALIUM
409 119 463 170 Lm
474 119 495 169 1.
505 119 616 170 cmm.
655 124 771 172 menos.

108 249 160 314 quis
170 251 389 309 circumsedebatu13
405 253 513 299 validiore
528 251 586 313 apud
603 265 643 298 eos
658 249 773 306 Arminio,

110 317 198 378 quando
208 317 290 363 bellum
303 317 414 364 suadebat
439 317 500 363 Num
511 316 614 370 barbaris,
626 324 711 377 quanto
721 316 774 376 quis

109 381 203 428 audaeid
211 387 320 443 promtus,
337 389 400 429 tanto
418 383 490 444 magis
500 381 564 436 lidus,
583 381 694 441 rebusque
705 381 774 427 motis

110 448 184 509 potior
200 447 301 492 habetur.
332 446 455 494 Addiderat
471 447 577 508 Segestes
595 446 677 508 legatis
693 445 773 501 filium,

110 511 201 558 nornine
214 511 387 572 Segimundum:
407 513 446 558 sed
451 512 543 575 Juvenis
554 508 694 557 conscientib
703 525 773 556 cuno·

110 576 213 622 tabatur:
233 577 313 638 quippe
323 592 390 630 anno,
406 591 451 636 quo
464 576 593 623 Germaniae
603 573 724 628 descivere,
738 589 774 621 sa-

110 641 190 688 cerdon
200 641 259 702 apud
269 640 341 687 Aram
353 641 464 688 Ubiorum
479 647 574 694 creatus,
592 647 681 702 ruperat
697 640 774 694 vittas,

111 705 221 767 profugus
233 705 261 751 ad
271 706 371 752 rebelles.
404 705 521 752 Adductus
533 713 607 751 tamen
618 706 642 750 in
653 719 716 766 spem
727 703 774 750 cle·

111 771 204 817 mentiae
215 769 334 825 Romane,
345 771 435 832 pertulit
445 771 513 830 patris
527 769 647 825 mandatu
664 769 775 830 benigne·

114 849 159 895 que
169 843 282 896 exceptus,
297 850 348 881 cum
360 835 464 896 praesidio
476 834 587 881 Gallicum
601 834 625 879 in
636 833 707 894 ripam
718 833 774 879 mis-

113 914 153 946 sus
169 906 212 946 est.
244 899 380 946 Germanico
397 898 493 962 pretium
511 897 562 952 fuit,
578 905 711 944 convertere
732 913 775 960 ag·

115 979 182 1009 men:
201 972 371 1025 pugnatumque
387 963 410 1008 in
426 963 566 1016 obsidentes;
584 971 607 1010 et
625 970 715 1024 ereptus
733 962 775 1009 Se·

113 1037 190 1090 gestes
200 1026 285 1089 magni
296 1043 346 1074 eum
357 1028 532 1089 propinquorum
543 1035 567 1074 et
573 1028 688 1074 clientium
700 1041 777 1075 manu.

115 1092 209 1139 Inerant
225 1092 315 1139 feminae
326 1093 426 1139 nobiles:
445 1093 503 1138 inter
519 1108 574 1152 quas
594 1107 652 1139 uxor
671 1091 777 1146 Arminii,

116 1158 238 1217 eademque
248 1157 294 1204 filia
304 1157 411 1219 Segestis,
430 1158 504 1203 mariti
514 1159 587 1219 magis
598 1172 664 1217 quam
676 1157 777 1218 parentis

115 1223 198 1277 animo,
210 1238 282 1283 neque
292 1223 353 1268 victa
362 1223 386 1268 in
396 1223 514 1282 lacrymas,
526 1237 598 1283 neque
608 1236 664 1269 voce
675 1221 777 1284 supplex,

116 1288 249 1348 compressis
266 1287 324 1332 intra
335 1287 408 1334 sinum
426 1287 535 1340 manibus,
552 1286 670 1348 gravidum
688 1294 778 1333 uterum

114 1352 213 1398 intuens.
248 1350 386 1398 Ferebuntur
400 1360 423 1398 et
434 1352 505 1412 spella
520 1350 626 1398 Varianae
636 1351 713 1404 eladis,
729 1350 778 1413 ple·

116 1417 191 1476 risque
201 1431 285 1470 eorum
294 1416 332 1476 qui
342 1423 390 1462 turn
401 1417 425 1463 in
436 1416 570 1462 deditionem
580 1416 707 1470 veniebant,
718 1430 778 1478 praa·

116 1481 152 1526 dae
163 1482 228 1527 data:
247 1481 313 1527 simul
325 1481 430 1542 Segestes
446 1482 500 1542 ipse,
516 1481 598 1542 ingens
613 1482 671 1535 visu,
688 1487 713 1526 et
729 1495 778 1528 me-

116 1543 189 1591 morii
209 1545 275 1597 bonae
296 1546 408 1592 societatis
426 1546 558 1609 impavidus.
590 1545 667 1592 Verbo
687 1547 736 1607 eJus
755 1546 780 1592 in

111 1610 278 1663 humandum
288 1609 365 1657 suere:

152 1673 247 1721 LVIII.
271 1675 352 1722 “Non
369 1675 406 1722 hie
424 1675 479 1721 mihi
496 1675 581 1736 primus
598 1689 653 1737 erga
670 1675 779 1736 populum

118 1739 188 1788 Rom.
198 1739 250 1785 fidei
260 1747 284 1786 et
293 1740 426 1787 constantim
437 1741 498 1786 dies:
519 1754 548 1786 ex
567 1755 612 1801 quo
629 1755 642 1787 a
659 1740 712 1786 divo
729 1740 779 1786 Au·

119 1816 187 1867 gusto
199 1805 289 1851 civitate
300 1806 395 1852 donatus
414 1821 470 1858 sum,
488 1805 572 1851 amicos
587 1805 734 1864 inimicosque
750 1819 780 1851 ex

118 1871 201 1919 vestris
212 1866 341 1916 utilitatibus
352 1870 435 1932 delegi:
450 1885 522 1930 neque
530 1870 581 1915 odio
589 1870 674 1930 patriae‚
688 1870 781 1932 (quippe

118 1937 244 1999 proditores
255 1936 322 1998 etiam
338 1935 373 1989 iis,
389 1950 446 1995 quos
463 1942 608 1995 anteponunt,
628 1934 696 1979 invisi
715 1932 780 1995 sunt)

58 2014 60 2018 ’
120 2017 199 2048 verum
215 2001 267 2061 quia
281 1999 391 2046 Romanis
403 1998 566 2059 Germanisque
576 1999 636 2044 idern
647 1999 780 2055 conducere,

120 2074 144 2113 et
152 2080 229 2127 pacem
240 2079 307 2125 quam
317 2064 400 2111 beilum
411 2064 539 2127 probabam.
554 2063 619 2125 Ergo
630 2071 742 2125 raptorem
752 2062 781 2109 fi.

119 2131 158 2177 liae
168 2145 233 2184 mem,
243 2130 375 2176 violatorem
385 2128 477 2175 foederis
487 2128 563 2180 vestri,
575 2128 711 2182 Arminium,
723 2128 782 2190 apud

120 2195 215 2251 Varum,
227 2195 323 2255 quitum
335 2195 443 2241 exercitui
453 2193 590 2255 praesidebat,
602 2209 665 2238 reum
675 2192 733 2238 feci:
748 2193 782 2239 di·

119 2261 179 2307 latus
189 2258 288 2323 segnitid
298 2259 367 2314 ducis,
386 2260 437 2319 quia
453 2273 531 2319 parum
547 2258 645 2319 praesIdii
660 2258 684 2302 in
695 2257 784 2318 legibus

119 2333 174 2379 erat,
192 2332 218 2370 ut
235 2339 272 2370 me
283 2331 306 2369 et
319 2324 445 2369 Arminium
456 2331 479 2369 et
489 2324 592 2370 conscios
602 2323 704 2375 vinciret,
716 2321 782 2384 lingi-

120 2391 174 2437 tnvi.
207 2387 284 2434 Testis
294 2388 332 2434 illa
345 2403 399 2442 nox,
418 2389 471 2434 mihi
490 2389 575 2434 utinam
592 2388 666 2450 potius
686 2388 783 2433 novissi·

120 2454 172 2502 rna!
191 2453 252 2507 Quae
262 2460 339 2500 secuta
349 2461 408 2507 sunt.
426 2451 501 2499 defleri
513 2454 592 2513 magis,
611 2466 677 2512 quam
694 2451 784 2498 defendi

110 2525 230 2580 possunt:
248 2525 355 2567 eaeterum
375 2524 398 2565 et
415 2518 481 2582 injeci
496 2525 588 2564 catenas
604 2516 716 2567 Arminio.
732 2527 785 2562 eta

102 2583 210 2632 hedone
221 2587 272 2649 eJ'us
282 2587 381 2651 aneotus
392 2601 516 2651 perpessus
524 2599 586 2632 sum.
612 2581 691 2640 Atque
698 2579 796 2652 dmpsi-

48 2610 162 2720 ΙΙΜ
181 2652 219 2699 tui
231 2654 310 2720 copia,
328 2662 415 2707 vetera
424 2653 499 2706 novis
509 2660 534 2702 et
544 2648 627 2715 quieta
635 2643 736 2694 turbidas
745 2647 812 2684 ante·
