1680 2910
109 100 158 145 248
295 88 589 143 emmenum
654 96 778 145 11.c.tos.

113 227 214 279 fatalem,
233 224 362 286 mseiperet,
376 223 470 270 inbrireri
488 222 552 273 nullo
560 224 637 285 potuit
645 224 718 271 nodo
726 224 779 287 qtdn

115 291 227 339 decimare
232 289 292 336 velle
301 296 461 351 perseverum.
492 287 595 335 Vooatos
601 288 680 349 itaque
689 289 719 336 ad
726 305 779 337 oon·

116 358 204 404 cionem
219 355 322 408 inermes,
340 362 408 415 atque
422 354 490 400 etiarn
499 353 581 415 gladiis
592 353 707 415 depositis,
718 355 780 416 equi-

116 429 165 467 tatu
176 426 262 465 armato
272 419 422 465 circumsedit.
454 418 500 464 Sed
510 433 562 465 eum
573 419 669 474 viduet,
680 417 782 481 rutperti

118 502 149 539 re,
164 485 284 546 plerosque
294 483 360 530 dilabi
375 483 404 529 ad
417 483 557 537 manenda,
574 484 651 544 siqua
662 484 698 530 ria
711 483 781 539 fleret,

118 565 186 603 arma,
197 548 298 610 profugit
308 549 423 604 concione,
438 547 602 609 condendisque
614 547 703 594 Urbem
713 550 783 611 petb't,

119 623 144 662 ut
155 615 183 660 ad
193 613 353 667 cntdelitstem,
364 614 552 675 itsadignaviam
562 628 673 675 praecepa.

151 677 235 741 [Haud
245 677 317 725 sraota
326 679 396 733 obice,
411 679 451 725 sed
461 679 490 724 ob
500 693 575 725 moras
589 679 691 740 gravior,
702 677 783 725 irarum

118 744 190 791 moles
201 745 225 789 in
236 751 337 789 senatum
349 745 400 790 ruit,
422 743 455 790 Et
465 759 511 804 quo
521 743 680 790 insolentiores
690 751 782 805 preter·

120 811 203 857 itorum
222 808 355 854 dedecorum
371 824 473 854 rumores
491 809 656 864 metuebantur,
670 824 699 855 eo
713 809 784 855 aerius

119 882 228 921 certaturn
238 881 262 919 ut
272 873 416 919 nobilioribus
423 873 654 934 odiismajoribusque
663 873 786 920 atrocitati·

119 941 161 985 bus
175 939 328 984 obruerentur.
361 935 418 984 Inde
431 938 501 983 mine
514 944 538 983 et
552 946 646 998 questus
659 946 737 1000 patres
751 939 785 985 in·

119 1003 196 1050 leneus
207 1003 306 1064 principi,
323 1003 372 1064 ejus
385 1002 547 1048 discriminibus
556 1001 654 1056 leutos,
666 1018 728 1050 nuno
739 1005 785 1066 ejus

121 1068 202 1129 gloriae
217 1068 331 1114 invidere:
350 1067 472 1129 provinciis
484 1067 508 1113 in
519 1067 690 1114 venerationem
701 1082 729 1114 ao
738 1082 784 1114 ω-

121 1134 190 1179 lestes
209 1132 329 1193 religiones
344 1132 446 1177 eertstim
457 1131 633 1193 properantibus,
644 1147 671 1179 se
681 1148 695 1179 a
705 1142 784 1179 senatu

121 1198 208 1244 meritis
219 1197 324 1257 triumphi
340 1197 462 1242 honoribus
478 1195 586 1243 fraudari:
607 1206 630 1243 et
640 1197 734 1244 modern
745 1198 784 1245 do·

123 1263 268 1308 mestioorum
280 1261 378 1306 hostium
391 1261 500 1322 sanguine
509 1276 574 1308 suam
585 1261 683 1323 gloriam
695 1277 787 1324 remque

124 1327 236 1388 publicum
247 1325 354 1371 ulturum.

157 1389 230 1453 [Haeo
250 1389 332 1436 Romae
351 1398 414 1436 tinto
433 1389 518 1436 tristius
536 1397 633 1451 accepta,
655 1391 719 1452 quod
740 1392 787 1453 ipse

122 1456 189 1518 poulo
201 1461 259 1507 unte,
271 1470 299 1500 ne
311 1455 364 1514 quid
374 1454 402 1500 de
410 1456 457 1501 suis
466 1455 587 1501 honoribus
597 1463 710 1517 ageretur,
719 1457 785 1502 etiam

123 1522 164 1567 sub
175 1521 253 1565 mortis
262 1517 329 1580 poeni
339 1517 499 1565 denuntiisset.
530 1519 592 1573 Quid
606 1519 708 1567 facerent
719 1522 785 1567 omit·

123 1594 226 1631 terontve
244 1585 349 1645 ambigui,
361 1583 468 1630 censuere
482 1584 604 1646 principem
616 1585 671 1630 adiri
683 1585 786 1647 elegatis

124 1648 254 1709 amplissimi
265 1648 356 1702 ordinis,
368 1650 405 1708 qui
417 1656 441 1695 nt
452 1657 574 1695 maturaret
584 1657 682 1697 orarent
708 1648 742 1697 lis
752 1651 786 1695 in·

125 1712 573 1773 elementerexceptis,“Verrinnr,”quam
580 1713 679 1760 maximi
687 1730 786 1760 votere-

125 1778 220 1839 spondit,
229 1778 342 1830 “veniam
350 1785 373 1823 et
382 1778 417 1823 hic
424 1775 544 1824 meeum:”
551 1778 655 1839 capulum
662 1778 787 1840 gladii,quo

125 1845 212 1888 cinctus
223 1850 278 1896 erut,
290 1843 367 1888 crebro
377 1844 503 1889 verberans.
523 1841 586 1888 Exin
597 1850 704 1890 terrorem
717 1860 787 1906 popu·

122 1908 212 1955 leritute
222 1906 347 1960 intendens,
356 1906 425 1953 edixit
433 1907 513 1952 reverti
525 1922 555 1960 se,
567 1907 606 1953 sed
615 1908 642 1953 iis
650 1914 739 1954 tontum
751 1910 787 1969 qui

125 1978 234 2033 optarent,
253 1971 349 2031 equestri
365 1971 437 2017 ordini
452 1979 475 2016 et
489 1971 587 2033 populo:
607 1986 659 2017 nam
676 1987 788 2034 seneque

125 2038 206 2088 civem,
217 2052 289 2098 neque
299 2036 421 2097 principem
433 2038 518 2082 senatui
530 2037 625 2098 amplius
635 2035 696 2084 iore:
714 2047 791 2084 vetare

126 2103 193 2146 otiam
214 2116 243 2146 ne
260 2101 310 2160 quis
330 2101 448 2146 senatoriae
466 2101 581 2163 dignitatis
598 2101 639 2146 sibi
656 2111 791 2149 occurreret.

128 2166 219 2212 Ornisso
237 2165 334 2211 dilatove
350 2166 468 2226 triumpho,
485 2181 555 2212 ovuns
573 2165 658 2212 Urbem
672 2167 739 2214 natali
751 2183 791 2214 auo

127 2231 243 2290 ingressus
258 2237 306 2276 eet:
323 2239 352 2283 et,
371 2237 396 2275 ut
411 2231 484 2277 studia
496 2231 559 2293 vulgi
574 2238 668 2292 pararet,
687 2248 791 2280 nummos

128 2309 175 2340 nnn
191 2295 309 2340 mediocris
325 2310 419 2340 sunrmae
436 2310 449 2340 e
463 2294 553 2358 fastigio
563 2295 661 2342 basilica>
672 2296 742 2343 Juliae
754 2313 792 2359 per

110 2406 113 2411 ,
127 2359 211 2419 aliquot
222 2360 269 2405 dies
285 2361 365 2420 sparsit
378 2361 401 2405 in
412 2360 509 2420 plebem:
529 2361 588 2406 haud
599 2375 680 2422 expers
694 2362 791 2409 liberali·

128 2424 187 2476 tatis,
200 2424 235 2468 ubi
247 2424 274 2469 ad
286 2425 394 2470 saeritiam
404 2434 427 2469 et
437 2425 549 2471 libidinem
562 2425 628 2472 utilis.

158 2485 261 2553 [Verum
281 2497 363 2553 prseter
381 2490 457 2535 uriiino
473 2498 594 2549 euneeptua
606 2491 692 2534 irarum
705 2506 792 2545 causas,

119 2572 197 2607 novas
214 2557 295 2606 attulit
314 2555 446 2617 conjuratio
460 2555 490 2599 ub
507 2553 591 2597 lanicio
606 2548 701 2593 Cereali
711 2553 811 2605 promta.

64 2596 195 2803 *ctum
205 2633 336 2678 auctorem
353 2622 459 2673 Sextum
474 2615 616 2675 Populum,
630 2607 748 2654 eumeniam
758 2615 824 2664 pore

750 2800 824 2809 ..-

135 2876 226 2900 -Ρ-
