1680 2910
54 303 162 348 J.c.4a.'
226 301 337 352 LrnIX.
354 293 554 365 ANRA'LIUM.
584 370 586 374 Ι
678 308 726 355 285

45 451 95 483 ¹res
105 443 192 498 gestas,
200 434 299 497 quidque
309 435 339 482 sit
350 437 396 498 spei
407 434 534 497 periculive,
543 433 576 481 uti
583 440 632 481 erat
637 435 724 496 jussus,

56 502 154 563 principi
164 502 284 548 renuntiat.
307 501 379 547 Addit
385 501 469 563 validas
476 500 565 561 quidem
572 515 621 546 esse
631 507 724 562 gentes:

56 573 83 614 at
93 567 203 614 sicaetera
213 567 242 612 ad
252 567 275 612 id
281 567 366 612 bellum
377 572 453 626 parata
464 565 601 619 accederent,
614 572 637 611 et
646 563 726 613 Caesar

47 632 153 679 ,numine
170 647 196 678 ac
212 630 332 693 praesentid
345 631 429 677 milites
444 637 560 685 tutaretur,
578 638 662 678 certam
674 631 725 693 dig·

57 711 157 756 namque
167 697 267 759 principe
277 697 355 743 adesse
364 695 488 742 victoriam.
533 722 537 729 ·

93 759 221 825 [Claudius
239 762 345 823 triumphi
356 762 424 808 decus
439 761 514 808 animo
519 762 568 822 jam
583 761 723 823 praecipiens,

59 842 97 873 res
111 828 207 874 urbanas
226 833 365 887 caeterosque
382 827 494 872 exercitus
508 825 609 881 Vitellio,
630 827 725 888 collegae

60 907 108 948 suo,
118 891 276 949 commendnt3
292 893 340 953 ipse
347 892 422 938 statim
432 890 461 937 ad
469 890 622 937 Britannicam
632 891 725 952 expedi·

59 957 145 1002 tionem
162 956 310 1019 profecturus,
333 957 375 1002 nisi
392 955 471 1002 fuisset
491 956 578 1009 Galbae,
596 971 663 1015 quern
676 955 726 1013 ,fide

59 1020 198 1083 acientirique
209 1022 299 1069 militari
310 1022 487 1083 acceptissimum
499 1020 650 1082 praediximus,
663 1035 725 1065 mor·

58 1087 88 1134 bo
100 1088 232 1134 retardatus.
264 1087 311 1132 Ubi
328 1086 448 1139 convaluit,
464 1084 543 1133 Caesar
559 1100 643 1146 magno
657 1099 725 1146 appa·

59 1158 111 1198 ratu
127 1153 155 1198 ab
172 1151 237 1199 ostia
252 1153 276 1198 in
294 1150 434 1197 Britanniam
451 1150 573 1212 navigavit,
589 1151 662 1211 magis
673 1164 725 1195 cunr

60 1218 118 1264 mari
129 1232 195 1278 quarn
208 1233 258 1264 cunr
270 1218 370 1263 hostibus
384 1215 533 1263 conflictatus.
565 1213 607 1260 Bis
616 1216 675 1260 enirn
684 1230 724 1260 ve·

60 1282 160 1328 hementi
177 1281 252 1330 Circio
268 1297 333 1344 paene
350 1282 464 1328 demersus
475 1288 509 1327 est
520 1295 589 1341 prope
600 1278 629 1324 Li
647 1279 725 1336 uriam,

55 1348 168 1409 juxtaque
184 1347 316 1394 Stoechadas
332 1347 425 1393 insulas.
458 1343 518 1393 Cum
532 1345 622 1400 tandem
630 1296 726 1390 gltlassi·

60 1411 114 1458 liam
131 1413 258 1474 appulisset,
279 1412 427 1458 Gesoriacum
440 1411 537 1473 pedestri
553 1410 633 1456 itinere
646 1408 724 1470 petiit:

61 1492 116 1524 mox
128 1478 156 1523 ad
167 1479 223 1523 ostia
230 1475 334 1523 Tamesis
345 1477 475 1523 transmisit.

96 1541 265 1605 [Flagrantibus
276 1543 378 1596 militurn,
390 1557 448 1602 quos
456 1540 561 1603 principis
569 1540 687 1601 adspectus
698 1538 727 1586 ad

62 1607 158 1670 gloriam
178 1608 251 1669 magis
264 1607 336 1654 adhuc
347 1604 413 1668 quarn
425 1607 453 1652 ad
463 1605 564 1652 laetitiam
575 1606 665 1659 excitat,
678 1611 726 1651 stu·

64 1672 107 1718 diis
118 1679 232 1733 exceptus,
249 1671 334 1718 flumen
350 1673 444 1728 transit;
462 1677 586 1730 nactusque
596 1669 726 1725 Britannos,

63 1737 111 1799 qui,
131 1737 233 1783 nuntiato
252 1735 350 1784 Caesaris
368 1739 473 1791 adventu,
496 1741 645 1790 occurrerant,
667 1735 727 1781 illico

64 1802 169 1864 proeliurn
180 1803 307 1858 committit,
319 1817 402 1863 eosque
412 1801 548 1863 principattls
559 1803 675 1863 majestate
685 1816 727 1862 po·

64 1868 115 1922 tius,
139 1883 205 1928 quam
228 1883 312 1930 pugnae
334 1867 451 1915 atrocitate
473 1872 570 1926 superat.
607 1861 729 1913 incruenti

63 1932 160 1980 victorii
179 1934 251 1987 laetus,
276 1931 465 1986 Camulodunum,
483 1929 617 1979 Cunobelini
634 1932 728 1993 regiam,

65 2007 174 2060 occupat;
190 1997 285 2060 populos
295 1999 319 2043 in
330 1997 465 2044 deditionem
476 1996 563 2058 accipit,
579 2002 617 2042 aut
628 1996 651 2041 vi
668 1995 728 2042 subi·

63 2063 106 2125 git.
139 2061 203 2109 lutra
215 2063 326 2109 sexdecim
338 2063 385 2109 dies
396 2077 456 2124 saepe
465 2059 591 2122 Imperator
601 2061 729 2107 consaluta-

64 2136 109 2181 tus,
124 2128 231 2188 pluraque
242 2135 367 2188 temporum
378 2128 550 2190 opportunitate,
562 2140 628 2186 quarn
644 2124 677 2170 D.
685 2123 729 2172 Ju-

65 2193 110 2238 lius
120 2193 229 2239 bellorum
240 2191 302 2238 famb
311 2195 402 2254 potitus,
414 2193 437 2238 in
450 2192 536 2237 Urbem
553 2191 676 2245 revertitur,
693 2202 734 2235 re·‘

65 2259 125 2304 lictis
138 2257 227 2305 Plautio
239 2265 262 2303 et
273 2257 422 2319 Vespasiano,
442 2257 479 2317 qui
489 2256 569 2302 faustis
579 2255 684 2316 auspiciis
693 2254 729 2300 in·

64 2324 145 2370 choata
157 2323 252 2369 consilio
263 2338 289 2368 ao
299 2322 429 2369 fortitudine
439 2320 579 2383 perlicerent

100 2388 189 2451 [Aucto
201 2388 265 2447 novis
277 2384 452 2449 terrisimperio,
463 2387 561 2433 accrevit
574 2385 669 2432 eruditio
680 2383 730 2430 Ro-

67 2469 142 2508 mana,
157 2451 214 2498 rnird
225 2453 320 2512 quidem,
341 2454 380 2498 sed
395 2451 448 2498 noti
460 2453 567 2498 bellorum
580 2466 606 2497 ac
617 2451 731 2496 literarum

67 2520 182 2566 societate.
214 2516 250 2562 M.
262 2517 370 2580 Agrippa,
386 2533 430 2578 quo
442 2517 558 2563 meliorem
571 2517 644 2562 civem
656 2515 732 2561 Roma

66 2584 107 2629 vix
118 2597 216 2644 unquam
229 2583 286 2636 tulit,
301 2584 377 2628 orbern
392 2589 500 2628 terrarum
514 2580 572 2632 Urbi
587 2581 732 2643 spectandum

66 2662 193 2711 proponere
209 2655 256 2693 erat
267 2662 401 2708 aggressus:
422 2645 578 2709 D0Augustus
593 2645 733 2706 complexam

67 2728 120 2760 eum
147 2712 267 2774 porticum,
295 2727 324 2757 ex
349 2713 497 2758 destinatione
525 2710 739 2766 commentariiscpe

64 2778 178 2839 Agrippae
188 2777 217 2822 ab
228 2776 327 2826 Octavii
336 2779 479 2833 inchoatam,
488 2781 623 2840 peregerat,
649 2769 757 2826 ΜΨ·

55 2839 125 2887 ᾒουιη
133 2841 227 2904 quidem
239 2851 263 2894 et
275 2845 369 2896 victore
387 2869 407 2889 ι.
418 2846 473 2895 ulo
480 2845 587 2908 dignum
595 2836 761 2893 idaspem*
