1680 2910
23 156 26 160 ’
92 196 138 240 12⁶
171 166 365 239 usurarum
381 185 434 236 aa
445 183 495 236 111,
506 184 567 238 crs
576 189 616 238 rs.
643 192 704 243 uo.
712 195 764 240 as.

91 323 201 383 multique
211 336 239 368 eo
250 321 318 368 modo
329 320 389 375 cresi,
401 326 440 367 aut
451 320 606 367 circumventi.
637 319 705 368 Tunc
717 323 759 368 tri·

91 389 198 452 partitum
209 387 333 433 exercitum
350 385 425 448 plures
434 387 459 432 in
470 400 551 433 manus
567 386 682 448 dispergit,
701 402 762 450 prae·

92 453 200 517 ponitque
211 452 355 498 centuriones
365 451 456 497 virtutis
466 458 580 512 erpertaer
600 465 648 506 nec,
669 458 695 498 ut
711 466 763 499 mos

93 518 174 571 suerat,
185 514 235 563 acti
247 523 326 563 aestate
333 515 426 562 retrahit
438 516 519 577 copias,
532 516 603 563 autin
614 516 767 564 hibernaculi}

93 583 178 630 veteris
189 582 312 643 provinciae
329 580 459 642 componit:
479 581 518 627 sed
537 588 563 626 ut
579 582 604 627 in
614 581 764 637 liminebelll,

95 647 209 710 dispositis
219 646 323 700 castellis,
334 661 374 707 per
385 645 501 706 expeditos
513 652 536 691 et
547 645 693 694 solitudinum
703 661 763 708 gna·

95 727 142 770 ros,
154 718 279 759 mutantem
291 710 385 772 mapalia
396 708 562 757 Tacfarinatem
573 712 701 772 proturbat:
721 710 763 758 do-

96 788 147 832 nec,
157 775 227 827 fratre
238 777 287 839 ejus
297 783 370 836 capto,
382 787 499 836 regressus
509 784 550 830 est,
562 777 718 838 properantius
728 782 764 823 ta-

95 857 156 897 men,
174 856 241 903 quam
253 855 282 887 ex
294 840 389 886 utilitate
399 840 527 897 sociorum3
545 841 635 896 relictis,
650 856 691 902 per
707 855 766 902 quor

95 913 224 969 resurgeret
233 905 323 952 bellum.
352 904 399 951 Sed
412 903 516 952 Tiberius
526 921 567 966 pro
578 906 683 953 coniecto
694 905 765 952 iuter·

1 968 2 971 ’
95 979 204 1036 pretatus,
222 970 245 1017 id
262 985 352 1031 quoque
368 968 446 1017 Blaeso
464 970 546 1023 tribur,
565 977 590 1016 ut
605 968 733 1032 Imperator
747 985 763 1018 a

96 1037 222 1098 legionibus
234 1035 379 1092 salutaretur;
395 1035 470 1097 prisco
481 1049 536 1097 erga
543 1035 612 1082 duces
621 1035 715 1092 bonore,
726 1037 765 1097 qui

96 1104 154 1150 bene
164 1099 232 1164 gesti
243 1116 288 1163 rep.
306 1100 389 1163 gaudio
406 1108 429 1146 et
446 1100 530 1162 impetu
548 1100 641 1147 victoris
651 1100 766 1148 exercitlls

98 1167 306 1215 conclamabantur:
327 1172 434 1226 erantque
447 1164 523 1226 plures
533 1164 600 1211 umal
611 1164 768 1227 imperatores,

98 1248 141 1280 nec
151 1247 219 1293 super
236 1237 369 1278 caeterorum
387 1229 544 1291 equalitatem.
581 1227 701 1277 Concessit
715 1231 766 1292 qui·

97 1298 192 1344 busdam
209 1303 232 1343 et
248 1295 370 1357 Augustus
386 1295 410 1341 id
429 1294 576 1352 vocabulum3
592 1309 619 1341 ac
629 1301 684 1342 tuuc
695 1292 768 1344 uite

99 1362 146 1409 rius
157 1361 235 1408 Blaeso
242 1366 389 1422 postremum.

133 1424 239 1473 LXXV.
256 1422 338 1472 obiere
359 1440 387 1470 eo
406 1438 465 1472 anuo
481 1423 525 1471 viri
544 1424 648 1480 illustres,
671 1424 767 1473 Asinius

101 1492 229 1545 Saloninus,
246 1489 283 1537 M.
293 1487 397 1552 Agrippi
407 1497 430 1535 ct
441 1489 544 1536 Pollione
561 1489 642 1536 Asinio
653 1491 709 1546 avis,
720 1488 766 1537 fra·

99 1564 134 1604 tre
146 1555 232 1610 Druso,
243 1555 345 1617 insignis,
362 1553 492 1615 caeudque
502 1566 615 1617 progener
625 1555 765 1602 destinatus:

102 1629 126 1669 et
138 1619 220 1683 Capito
231 1621 320 1674 Ateius,
332 1620 360 1666 de
371 1635 415 1680 quo
423 1620 553 1674 memoravi,
565 1619 688 1682 principem
698 1621 723 1667 in
734 1620 767 1666 ci·

100 1687 171 1733 vitate
197 1687 272 1733 locum
294 1684 373 1732 studiis
392 1684 493 1731 civilibus
515 1692 645 1742 assecutus;
663 1685 703 1732 sed
724 1700 768 1733 avo

101 1750 232 1798 centurione
244 1750 343 1805 Sullano,
361 1755 424 1812 patre
435 1749 547 1812 praetorio.
580 1746 731 1797 Consulatum
748 1749 768 1798 ei

101 1815 265 1862 acceleraverat
287 1815 414 1877 Augustus,
437 1821 462 1860 ut
481 1813 611 1860 Labeonem
634 1813 769 1871 Antistium,

102 1880 182 1927 iisdem
194 1881 278 1927 artibus
287 1879 462 1942 praecellentem,
482 1879 613 1940 dignatione
630 1881 678 1942 ejus
694 1881 767 1942 magi-

103 1945 187 1992 stratds
199 1946 307 1993 anteiret:
327 1960 424 2005 namque
440 1943 479 1990 illa
489 1951 544 1990 aetns
556 1944 600 1990 duo
614 1945 677 2005 pacis
687 1945 769 1992 decora

102 2011 171 2058 simul
182 2011 248 2058 tulit:
268 2009 308 2056 sed
320 2008 398 2057 Labeo
406 2006 534 2070 incorrupti
542 2008 656 2063 libertate,
669 2016 692 2054 et
704 2010 732 2056 ob
749 2009 771 2056 id

102 2073 164 2122 fami
175 2076 320 2122 celebratior:
335 2072 370 2122 Ca
385 2074 453 2120 itonis
463 2073 593 2133 obsequium
605 2073 771 2120 dominantibus

102 2142 177 2203 magis
187 2141 327 2202 probabatur.
359 2091 404 2192 Illi,
420 2139 480 2199 quod
495 2145 616 2200 praeturam
632 2138 692 2184 intra
703 2139 772 2192 stetit,

103 2206 269 2252 commendatio
291 2219 322 2250 ex
341 2201 441 2266 iujurii3
469 2204 527 2257 huic,
547 2204 607 2263 quod
629 2203 772 2250 consulatum

104 2271 198 2332 adeptus
213 2276 255 2324 est,
272 2269 347 2315 odium
365 2265 493 2315 exinvidiri
508 2269 625 2315 oriebatur.
658 2267 692 2314 Et
703 2267 774 2316 Junia

103 2335 247 2395 sexagesimo
265 2341 343 2394 quarto
360 2339 412 2394 post
430 2332 596 2394 Philippensem
616 2332 687 2378 aciem
704 2347 772 2388 anno,

104 2414 234 2461 supremum
253 2399 311 2444 diem
326 2398 431 2458 explevit,
451 2395 540 2445 Catone
558 2397 670 2444 avunculo
686 2397 771 2458 genita,

107 2462 136 2512 C.
148 2462 221 2512 Cassii
234 2478 296 2516 uxor,
309 2463 345 2509 M.
357 2462 424 2509 Bruti
435 2478 505 2509 soror.
538 2461 710 2509 Testamentum
722 2464 773 2525 ejus

105 2530 178 2576 multo
190 2529 248 2589 apud
265 2529 358 2590 vulgum
378 2542 466 2573 rumore
482 2527 541 2575 suit:
560 2527 619 2588 quia,
638 2528 662 2573 in
681 2527 773 2589 magnis

98 2595 187 2657 opibus,
200 2610 253 2642 cum
265 2593 337 2642 ferme
348 2600 443 2641 cunctos
451 2608 557 2656 proceres
570 2607 623 2639 cum
632 2593 718 2639 honore
729 2607 772 2638 no·

33 2674 52 2703 a
86 2661 240 2723 miscuisset,
254 2661 387 2724 ¹Caesarem
406 2659 500 2711 omisit:
518 2657 583 2723 quod
599 2655 789 2718 §subteraccepn
