1680 2910
104 162 151 207 186
183 154 617 236 ANNALIUM·Lu.IV.Csr.16.
653 159 774 207 mcxiii.

102 290 167 344 datis,
178 289 236 350 apud
244 296 338 336 cunctas
344 288 408 336 Aciae
418 289 503 336 insulas
510 296 534 336 et
545 288 617 342 urbes,
630 289 771 337 trucidaren-

102 362 146 400 tur.
179 353 255 400 Variis
266 354 347 400 dehinc
358 362 382 400 et
392 353 475 415 saepius
485 355 554 400 irritis
564 361 687 416 praetorum
699 370 770 415 ques·

102 419 168 472 tibus,
178 425 293 480 postremo
306 416 385 466 Caesar
395 419 423 465 de
434 417 576 466 immodestirl
586 419 721 466 histrionum
733 435 769 466 re-

102 483 166 529 tulit:
186 483 295 530 multaab
310 483 338 530 iis
353 484 377 530 in
396 483 509 544 publicum
523 484 635 538 seditiose,
651 484 714 531 foedn
729 500 771 546 per

103 548 182 594 domos
194 548 286 595 tentari:
306 547 392 595 Oscum
401 549 513 609 quondam
522 549 639 604 ludicrum,
647 549 771 597 levissimae

102 614 161 675 apud
171 614 266 675 vulgum
278 613 439 668 oblectationis,
457 628 485 661 eu
501 612 639 674 flagitiorum
651 621 675 661 et
686 615 769 661 virium
837 642 839 646 Α

101 679 198 733 venisse,
211 686 236 724 ut
246 679 378 725 auctoritate
389 685 477 740 patrum
489 679 637 726 coercendum
649 680 685 725 sit.
702 679 767 726 Pulsi

103 751 151 789 tum
163 744 282 790 histriones
295 741 369 789 ltalia.

134 807 191 855 XV.
209 806 274 854 Idem
284 823 357 854 annus
367 807 411 854 alio
422 823 511 869 quoque
516 809 580 856 luctu
589 807 705 858 Caesarem
718 809 767 855 affi-

39 913 43 919 .
101 873 138 929 cit,
155 874 249 919 alterum
266 888 295 920 ex
305 873 402 936 geminis
414 872 486 919 Drusi
497 873 572 921 liberis
583 874 766 936 exstinguendo:

101 953 176 998 neque
186 936 261 984 ininus
269 945 342 985 morte
352 938 425 984 amici.
458 936 483 984 Is
493 937 536 984 fuit
547 939 650 985 Lucilius
662 935 767 1000 Longus,

102 1003 202 1049 omnium
219 1003 251 1050 illi
263 1003 359 1050 tristium
371 1003 520 1064 laetorumque
539 1004 621 1059 socius,
639 1019 743 1064 unusque
754 1020 769 1050 e

101 1069 240 1115 senatoribus
250 1067 334 1115 utoni
346 1068 448 1115 secessus
460 1083 542 1116 comes.
576 1067 618 1124 lte,
630 1083 766 1130 quemquem

101 1149 161 1180 novo
173 1134 265 1188 homini,
278 1135 404 1181 censorium
418 1133 494 1189 funus,
512 1133 610 1196 effigiem
622 1134 680 1195 apud
690 1133 765 1181 forum

103 1199 209 1260 Augusti,
232 1197 320 1260 publici
342 1197 438 1260 pccunid
458 1207 533 1261 patres
555 1197 687 1246 decrevere:
708 1199 767 1260 apud

101 1278 159 1324 quos
169 1264 237 1310 etiam
256 1271 304 1310 tum
321 1271 403 1310 cuncta
420 1265 578 1319 tractabantur,
596 1265 651 1311 adeo
671 1271 696 1310 ut
712 1279 765 1326 pro-

101 1335 192 1375 curator
203 1327 273 1383 Asiae,
289 1328 392 1374 Lucilius
405 1325 493 1389 Capito,
512 1337 631 1376 accusante
642 1327 767 1390 provincii,

100 1408 190 1457 causam
202 1393 289 1446 dixerit,
308 1392 391 1454 magna
408 1408 459 1438 cum
476 1396 641 1441 asseveratione
651 1394 765 1455 principis,

100 1473 146 1504 nou
158 1474 183 1504 se
189 1459 235 1520 jus,
248 1457 289 1503 nisi
301 1458 324 1502 in
336 1457 426 1503 servitia
437 1466 460 1504 et
470 1460 576 1520 pecunias
587 1458 714 1513 familiares,
726 1459 766 1505 de·

99 1524 172 1570 disse:
192 1522 251 1583 quod
263 1523 281 1568 si
293 1524 338 1568 vim
353 1523 456 1582 praetoris
466 1522 602 1584 usurpdsset,
619 1525 766 1584 manibusque

101 1588 197 1633 militum
210 1603 264 1633 usus
274 1587 339 1642 soret,
353 1595 427 1648 spreta
437 1588 460 1633 in
472 1603 500 1633 eo
511 1589 615 1634 mandata
627 1603 680 1635 sua:
700 1589 765 1635 audi·

98 1660 149 1698 rent
165 1653 247 1698 socios.
280 1650 317 1698 Ita
335 1668 393 1706 reus,
412 1653 505 1714 cognito
524 1655 622 1715 negotio,
641 1653 768 1700 damnatur.

100 1714 137 1764 Ob
148 1732 214 1777 quam
226 1717 341 1771 ultionem,
354 1726 377 1764 et
387 1718 439 1777 quia
447 1718 520 1779 priore
527 1734 585 1764 anno
593 1719 616 1764 iu
627 1716 655 1766 C.
664 1719 766 1765 Silanum

98 1781 235 1828 vindicatum
247 1791 301 1837 erat,
320 1779 439 1829 decrevere
450 1783 514 1829 nsiae
525 1784 590 1830 urbes
601 1784 711 1845 templum
723 1782 765 1830 Tr-

97 1846 160 1893 berio
178 1846 287 1907 matrique
305 1849 353 1911 ejus
363 1848 390 1893 ac
402 1849 495 1895 senatui.
528 1847 562 1894 Et
572 1849 705 1910 permissum
718 1855 764 1894 sta-

98 1908 173 1957 tuere:
194 1913 285 1974 egitque
302 1912 366 1958 Nero
383 1920 460 1974 grates
471 1910 498 1959 ed
509 1911 576 1959 causei
587 1914 686 1974 putribus
697 1921 766 1974 atque

97 1991 148 2030 avo,
165 1976 229 2023 laet'as
240 1978 299 2023 inter
309 1978 447 2024 audientium
461 1977 596 2033 affectiones,
616 1979 661 2038 qui,
680 1979 765 2024 recenti

97 2041 207 2088 memorial
224 2043 361 2096 Germanici,
380 2042 443 2087 illum
458 2042 548 2104 adspici,
561 2042 624 2089 illum
643 2043 715 2089 audiri
729 2059 765 2090 re·

96 2107 190 2153 bantur:
211 2107 432 2169 aderantquejuveui
448 2107 557 2154 modestia
568 2123 594 2154 ac
605 2107 683 2162 forma,
701 2108 764 2168 prin-

97 2173 148 2233 cipe
158 2173 208 2219 viro
216 2171 291 2233 digna,
303 2173 363 2240 notis
374 2173 397 2217 in
409 2187 461 2217 eum
473 2171 548 2234 Sejani
560 2173 623 2226 odiis,
635 2173 664 2218 ob
675 2173 764 2234 pericu-

83 2290 84 2298 *
99 2236 147 2282 lum
159 2237 265 2297 gratiora.
405 2268 408 2276 ι
520 2290 523 2297 ¹

130 2299 201 2346 xvl.
213 2301 260 2348 Sub
268 2300 327 2347 idern
336 2308 432 2363 tempus,
439 2301 467 2347 de
477 2301 568 2348 flamine
580 2301 649 2354 Diali,
658 2300 763 2347 inlocum

98 2365 171 2412 Servii
181 2364 349 2426 Maluginensis
360 2365 459 2412 defuncti
468 2366 570 2426 legendo,
583 2367 650 2412 simul
662 2366 765 2428 rogandi

97 2429 158 2476 novi
168 2429 220 2491 lege
230 2430 335 2475 disseruit
347 2428 432 2478 Caesar.
466 2431 527 2477 Nam
544 2432 655 2492 patricios,
674 2430 765 2479 confar-

97 2495 164 2541 reatis
175 2495 303 2556 parentibus
314 2496 410 2556 genitos,
423 2503 468 2542 tres
477 2497 543 2542 simul
550 2497 666 2550 nominari,
676 2513 705 2543 cx
714 2498 765 2557 quis

92 2576 153 2607 unus
162 2559 285 2623 legeretur,
298 2568 389 2624 vetusto
396 2576 474 2620 mure,
483 2577 557 2622 neque
568 2563 652 2615 adesse,
665 2570 690 2607 ut
702 2563 763 2616 olim,

81 2642 133 2674 eam
155 2629 257 2694 copiam,
278 2628 367 2678 omissis
386 2628 547 2676 confarreandi
565 2626 717 2675 assuetudine,
733 2632 776 2666 eut

34 2714 39 2727 ··
71 2691 137 2742 ''n‘er
144 2713 242 2762 paucos
256 2697 368 2748 retentil:
389 2697 523 2763 pluresque
537 2693 589 2755 eiua
607 2689 642 2733 rei
658 2699 740 2730 causas
755 2683 791 2725 al-
