1680 2910
232 121 285 162 ac.
297 123 329 160 ιι.
398 114 591 165 ANNALIUM
607 113 660 165 ιιι
671 112 716 166 1.(

228 264 281 296 reua
292 248 428 301 subderetur,
435 249 503 311 juxta
513 247 644 309 periendoso,
661 245 726 294 detor

228 320 306 368 meret,
318 314 407 360 monuit
418 310 515 367 Liviam,
532 328 561 359 ne
572 326 652 360 areana
662 312 731 359 dornd

226 380 358 434 amicorum,
380 378 505 424 ministeria
526 378 621 423 militum
643 378 736 439 vulgare

225 442 332 490 'liberius
342 443 389 489 vim
400 442 537 505 principatus
552 441 679 497 resolveret,
695 457 739 488 eun

225 515 277 555 turn
292 508 405 555 vocando:
425 522 474 554 eam
488 507 638 553 conditionem
655 521 705 553 eoae
720 508 747 553 ira

14 573 19 583 '
119 598 127 605 -
225 588 272 620 non
283 573 347 620 aliter
358 573 415 620 ratio
425 578 520 628 constet,
531 586 598 633 quam
609 571 628 617 ai
640 572 678 617 uni
690 571 753 618 redde

259 635 319 683 vn.
336 636 370 684 At
380 637 464 684 Romae
474 652 539 683 ruere
553 638 577 683 in
591 637 707 683 servitium
723 652 758 683 oor

225 709 279 757 tres,
294 717 377 763 eques:
396 708 480 763 quanto
492 702 541 762 quia
552 701 664 756 illustrior,
682 708 763 748 tentor

225 782 253 814 ao
263 766 402 822 festinantes,
419 767 526 828 vultuque
542 767 673 829 componito,
690 781 719 812 ne
733 767 769 813 laer

224 832 339 895 principia,
347 847 391 878 aeu
400 833 508 878 tristiores
514 832 641 893 primordio,
650 832 767 892 lacrymas,

225 903 326 957 questus,
349 897 476 943 adulatione
497 897 626 943 miscebant·
657 896 711 943 Sex.
722 895 779 943 Pom

227 962 281 1008 Sex.
289 961 414 1023 Appuleius
426 959 493 1009 Cora.
506 962 572 1023 primi
583 962 607 1007 in
618 962 685 1007 verba
694 960 779 1007 'liberii

221 1024 341 1088 juravere:
360 1027 463 1088 apudque
473 1041 513 1072 eos
524 1026 589 1072 Seius
601 1025 680 1072 Strabo
688 1033 711 1072 et
723 1024 750 1074 C.
757 1025 790 1072 Τι

224 1091 264 1137 ille
274 1092 429 1153 praetoriarum
445 1091 570 1136 cohortium
584 1091 710 1152 praefectua,
727 1092 763 1137 hic
777 1107 795 1137 ar

224 1170 281 1202 mox
300 1162 397 1211 serratus,
413 1156 522 1215 milesque
540 1162 563 1201 et
581 1156 690 1218 popuiusz
715 1170 767 1202 nam
786 1155 800 1201 'i

225 1227 308 1267 cuncta
317 1235 358 1282 per
374 1221 478 1266 consules
493 1220 617 1283 incipiebat,
634 1227 747 1280 tamquam
762 1228 805 1266 vet·

224 1283 316 1346 publici
328 1291 352 1330 et
362 1285 481 1345 ambiguus
492 1285 627 1346 imperandi:
647 1299 676 1330 ne
686 1285 783 1331 edictum
792 1301 811 1346 qr

224 1365 270 1410 quo
280 1356 356 1410 patres
369 1350 393 1394 in
404 1350 489 1395 curiam
500 1351 600 1405 vocabat,
618 1350 660 1395 niri
675 1350 799 1396 tribuniciae
810 1365 817 1411 q

223 1415 277 1461 tatio
297 1415 467 1476 prascriptione
488 1415 568 1475 posuit.
592 1415 632 1460 sub
654 1415 761 1476 Augusto
783 1429 821 1460 aee

224 1478 302 1525 Verba
313 1478 380 1524 edicti
390 1476 453 1524 suere
464 1493 541 1539 pauca,
559 1485 581 1524 et
596 1494 663 1525 senau
674 1479 827 1540 permodesto:

113 1531 123 1539 ”
223 1544 346 1590 honoribus
360 1545 458 1605 parentis
471 1544 638 1590 consulturum:
659 1558 731 1603 neque
744 1543 832 1590 abscedi

223 1623 330 1669 corpore:
350 1608 417 1667 idque
433 1623 503 1653 unum
519 1622 548 1653 ex
564 1608 656 1668 publicis
676 1609 805 1654 muneribus
822 1624 836 1654 u

223 1687 284 1734 pare.
318 1672 369 1727 Sed
381 1671 487 1718 defuncto
499 1672 612 1733 Augusto,
624 1673 714 1734 rignum
726 1673 836 1734 praetoriis

223 1737 331 1790 hortibus,
343 1744 369 1784 ut
379 1737 506 1798 imperator,
518 1737 622 1783 dederat:
641 1738 748 1792 excubiae,
763 1752 831 1792 arma,

223 1808 272 1848 tera
282 1801 354 1849 aulae:
373 1802 438 1847 miier
449 1802 473 1846 in
482 1800 563 1856 forum,
580 1801 645 1847 mileo
661 1802 685 1848 in
696 1803 781 1849 curiam
792 1817 836 1849 corr

222 1867 303 1914 batura
322 1867 398 1914 literas
413 1866 440 1912 ad
455 1867 573 1921 exercitur,
590 1874 702 1928 tamquam
714 1867 794 1929 adepto
804 1868 836 1929 pri

222 1938 283 1994 patu,
295 1932 372 1988 mirit;
391 1946 500 1992 nusquam
511 1931 684 1988 cuncubundur,
697 1933 739 1977 uiri
753 1947 805 1978 eum
816 1933 836 1978 irr

222 2005 277 2043 natu
288 1996 423 2057 loqueretur.
457 1994 533 2044 Caura
547 1997 659 2058 praecipua
672 2011 702 2042 ex
716 1996 836 2051 formidine

224 2062 381 2114 Gennanicur,
398 2062 422 2106 in
438 2062 502 2123 ouJ'us
518 2076 586 2107 manu
604 2068 638 2107 tot
652 2061 760 2123 legiones,
778 2062 836 2108 imm«

224 2128 336 2173 sociorum
347 2127 436 2180 auxilia,
453 2127 523 2172 mirus
534 2126 592 2188 apud
603 2126 709 2188 populum
720 2125 790 2182 favor,
808 2128 836 2173 ha*

222 2191 341 2253 imperium
352 2205 419 2252 quam
430 2199 561 2254 exspectare
571 2191 655 2237 maliet.
687 2189 764 2238 Debet
780 2197 803 2238 et
813 2191 836 2238 fa

222 2263 249 2301 ut
266 2264 359 2303 vocatur
375 2256 506 2316 electusque
520 2256 596 2317 potius
611 2271 625 2302 a
642 2253 754 2317 republiod
768 2256 836 2302 vider«

223 2334 291 2380 quam
302 2335 342 2382 per
353 2320 457 2366 uxorium
466 2321 574 2368 ambitum
582 2329 605 2367 et
612 2321 675 2366 senili
687 2320 807 2382 adoptione
816 2321 836 2366 ir

153 2424 160 2435 .
222 2385 286 2432 aiere.
321 2384 405 2431 Postea
415 2387 531 2448 cognitum
540 2393 582 2440 ert,
594 2386 623 2432 ad
629 2385 836 2447 iutroapioieadaar

219 2464 340 2512 procerum
360 2449 492 2502 voluntates
510 2453 634 2502 inductam
651 2448 836 2498 equitationem·

215 2515 290 2570 verda
303 2517 390 2576 vuitus,
401 2519 428 2568 in
441 2522 536 2571 crimen
546 2523 705 2584 detorquear.
712 2507 836 2561 mm&

244 2578 318 2630 Vffl·
338 2585 411 2637 Nihil
427 2592 512 2657 primo
531 2589 637 2642 senatur
655 2579 836 2647 dietg'twff

198 2649 321 2709 ”mis
335 2653 476 2727 Augusti3
497 2662 576 2733 cuiue
594 2654 803 2761 testamtffimi
814 2632 836 2680 ἢ
