1680 2910
83 137 116 186 90
163 129 583 184 ANNALIUMm1u.car.a
632 133 750 183 mit-tis.

85 268 148 314 nium
159 265 268 329 gemitus:
282 280 356 325 neque
365 265 510 320 discerneres,
520 264 643 327 proximos,
655 265 750 322 alienos,

85 333 184 378 virorum
190 330 353 378 feminarumve
362 330 482 393 planctus;
494 330 537 376 nisi
548 330 608 391 quod
619 331 750 377 comitatum

85 395 225 458 Agrippina,
240 394 311 457 longo
321 410 420 442 moerore
434 394 527 450 fessum,
545 395 605 442 obvii
615 402 640 441 et
650 402 752 443 recentes

83 460 107 507 in
119 460 197 507 dolore
208 461 328 507 anteibant.
565 479 567 483 ⁴

55 522 60 527 ’
118 523 153 571 II.
169 524 267 572 Miserat
285 525 340 572 duas
359 525 476 586 praetorias
489 524 594 571 colones
606 522 693 580 caesar,
709 525 749 572 sd-

84 589 137 645 dito,
159 597 183 636 ut
194 590 339 652 magistratus
355 589 465 638 Calabriae
481 589 595 652 Apulique
606 598 629 636 et
641 588 751 652 Campani

83 655 398 780 :latitabatis
409 652 750 780 filiniiiiiiie‘iiiiii

121 753 128 767 ·
396 752 403 774 9

84 785 172 831 cineres
194 783 353 846 portabantur;
379 785 535 846 praecedebant
556 784 748 846 incomtasignn,

84 850 144 896 versi
159 847 244 894 fasces:
264 855 339 908 atque,
359 849 396 895 obi
415 849 516 895 colonias
532 849 749 910 transgrederentur,

85 921 157 960 atrata
166 913 248 975 plebes,
268 913 361 960 trabeati
372 915 464 975 equites,
481 929 523 975 pro
534 913 613 975 opibus
626 914 678 968 loci,
696 930 749 962 ves·

84 986 140 1035 tem,
152 978 239 1033 odores
254 977 340 1038 aliaque
350 975 455 1025 funerum
467 976 584 1039 sollennia,
602 979 746 1026 cremabant:

83 1044 150 1090 etiam
162 1057 255 1104 quorum
268 1042 355 1090 diversa
365 1042 454 1104 oppida,
466 1050 541 1090 tumen
557 1042 624 1098 obvii,
641 1051 666 1090 et
681 1044 748 1093 victi·

83 1123 132 1156 snas
143 1115 210 1169 atque
220 1121 269 1154 uras
282 1106 334 1155 Diis
346 1106 454 1154 Manibus
465 1114 596 1161 statuentes,
608 1107 715 1170 lacrymis
725 1117 749 1157 et

83 1172 296 1220 conclamationibus
306 1172 406 1220 dolorem
416 1173 562 1219 testabantur·
585 1171 678 1221 Drusus
688 1173 747 1220 Tar·

83 1239 181 1284 racinam
198 1252 331 1300 progressus
348 1244 390 1292 eat,
409 1252 462 1284 curn
474 1235 570 1285 Claudio
580 1236 650 1284 fratre
661 1238 748 1286 liberis·

82 1318 128 1364 que
150 1302 287 1356 Germanici,
309 1302 347 1362 qui
369 1303 393 1349 in
416 1302 470 1348 urbe
491 1300 587 1349 fuerant.
626 1299 747 1360 Consules,

82 1398 108 1447 U
120 1397 141 1448 c
156 1401 201 1448 773
243 1365 280 1413 Μ.
291 1365 396 1412 Valerius
415 1373 438 1413 et
450 1365 479 1415 C.
490 1366 605 1421 Aurelius,
616 1367 675 1430 (jam
686 1358 746 1416 enlin

88 1433 148 1513 jc·
156 1467 189 1517 20
203 1432 210 1446 ‘
235 1430 400 1492 magistratum
411 1430 565 1493 occoeperant)
578 1438 601 1478 et
612 1440 746 1493 senatusue

72 1512 74 1516 ·
106 1500 112 1512 '
142 1498 149 1511 ⁶
189 1495 196 1510 ‘
243 1510 327 1557 magna
344 1511 397 1558 pars
415 1496 498 1559 populi,
516 1497 576 1543 viam
595 1495 745 1560 complevere,

80 1562 173 1624 disjecti,
185 1568 214 1615 et,
227 1567 252 1607 ut
262 1561 343 1621 cuique
352 1561 447 1615 libitum,
458 1559 554 1608 flentes:
574 1562 650 1609 aberat
664 1563 746 1627 quippe

79 1626 184 1681 adulatio,
202 1625 279 1688 gnaris
297 1626 407 1682 omnibus,
423 1625 500 1673 laetam
510 1623 602 1674 'liberio
614 1622 745 1676 Germanici

78 1697 175 1739 mortem
187 1690 246 1737 male
255 1690 395 1745 dissimulari.

112 1753 160 1803 111.
176 1754 280 1802 ‘liberius
299 1762 366 1817 atque
382 1755 490 1818 Augusta
503 1755 592 1820 publico
609 1755 743 1814 obtinuere,

70 1819 172 1868 ‚inferius
182 1821 299 1882 majestate
310 1818 351 1868 suis
360 1820 411 1878 rati,
431 1821 450 1867 ai
467 1821 541 1883 palam
558 1821 742 1878 lamentarentur,

79 1900 116 1940 an,
127 1901 163 1940 ne,
182 1885 282 1933 omnium
294 1885 364 1933 oculis
382 1886 471 1933 mltum
487 1901 566 1933 eorum
584 1887 742 1944 scrutantibus,

77 1950 127 1998 falsi
138 1949 336 2012 intelligerentur?
356 1949 457 1998 Matrem
474 1951 608 1998 Antoniam.
619 1967 666 1999 non
683 1953 743 2015 apud

78 2022 181 2064 auctores
195 2030 277 2069 rerum,
297 2030 343 2062 non
359 2015 439 2062 diurni
456 2022 557 2063 actorum
571 2015 688 2078 scripturi,
705 2033 741 2064 re·

76 2081 145 2143 perio,
154 2081 200 2128 ullo
211 2080 295 2142 insigni
303 2080 377 2128 officio
384 2079 500 2138 iunctam
512 2096 570 2136 cum,
579 2096 647 2143 super
656 2081 741 2146 Agrip-

75 2146 152 2208 pinum
163 2153 186 2192 et
197 2143 300 2192 Drusum
312 2152 336 2192 et
347 2143 473 2202 Claudium,
492 2147 568 2192 caeteri
584 2161 674 2208 quoque
684 2163 740 2204 con·

76 2211 194 2272 sanguinei
210 2209 342 2256 nominatim
353 2211 468 2272 perscripti
479 2212 536 2257 sint:
556 2225 596 2258 seu
612 2212 741 2259 valetudine

74 2275 258 2336 praepediebatur,
277 2289 317 2322 seu
332 2276 405 2322 victus
422 2275 486 2322 luctu
502 2277 590 2322 animus
601 2277 739 2338 magnitudi-

74 2354 127 2386 nem
145 2339 197 2386 mali
216 2338 314 2401 perferre
332 2340 383 2387 risu
405 2355 451 2388 non
472 2341 608 2397 toleraverit
642 2340 740 2389 Facilius

69 2403 212 2458 crediderim,
223 2402 315 2451 Tiberio
326 2412 349 2451 et
359 2403 473 2467 Augusti,
484 2406 522 2467 qui
534 2405 601 2453 domo
612 2421 659 2453 non
671 2423 739 2455 exce·

67 2469 162 2524 debant,
173 2469 299 2524 cohibitam,
315 2476 341 2516 ut
350 2486 390 2532 par
401 2485 491 2526 moeror,
511 2478 534 2518 et
545 2473 623 2518 matris
633 2473 738 2535 exemplo

64 2534 123 2582 aria
134 2549 224 2596 quoque
235 2541 258 2583 et
267 2540 360 2598 patruus
370 2536 460 2583 attineri
469 2536 606 2595 viderentur.

64 2648 69 2657 ,
92 2596 139 2647 IV.
158 2599 228 2659 Dies,
249 2618 296 2666 quo
311 2602 418 2666 reliquiae
436 2601 527 2651 tumulo
546 2601 648 2660 bugasti
659 2600 746 2645 iniere-
767 2649 771 2654 .

14 2616 151 2728 ιφ,-
159 2669 236 2724 modo
247 2687 292 2738 per
302 2671 431 2722 silentium
440 2676 532 2723 castus,
548 2663 622 2714 moba
635 2661 764 2724 ploratibus
