1680 2910
65 136 115 182 son
149 123 346 178 ANNALIUM
363 123 596 178 meicml.
629 131 744 174 unam

70 262 188 311 Erinden:
209 261 232 306 in
244 261 308 322 cujus
319 265 465 321 transgressu
475 261 574 307 multum
586 268 684 316 certato,
693 276 745 324 per·

68 331 125 377 vicit
136 327 259 379 Bardanes,
273 325 434 386 prosperisque
446 327 532 386 proeliis
544 327 631 374 medias
643 327 746 374 nationes

70 395 162 454 subegit
173 392 201 438 ad
209 389 294 436 flumen
308 389 400 444 Sinden,
410 391 471 451 quod
480 390 561 438 Dahas
572 391 690 453 Ariosque
700 393 746 439 dia·

71 460 186 506 terminat.
220 453 256 501 lbi
275 455 356 502 modus
375 455 441 502 rebus
452 456 557 503 secundis
568 458 674 518 potitust
694 472 748 504 nem

72 523 159 575 Parthi,
171 535 307 583 quamquam
320 521 424 574 victores,
433 521 583 583 longinquam
592 523 696 569 militiam
705 523 746 569 ad·

71 589 241 652 apemnbantur.
275 584 350 647 Igitur
361 587 482 633 exstructis
498 588 653 643 monimentis,
666 589 747 648 quibua

71 669 127 717 opes
139 668 191 700 suas
202 650 332 706 testabatur,
344 667 386 698 nec
398 652 501 713 cuiquam
518 660 571 699 ante
583 652 756 700 Arsacidarum.

71 721 155 768 tributa
176 717 220 763 illis
239 717 268 764 de
289 717 394 779 gentibus
415 723 486 778 parta,
503 719 646 780 regreditur;
664 719 747 780 ingena

73 783 154 849 glorid,
170 789 238 843 atque
256 797 284 829 eo
305 781 403 829 ferocior
422 789 446 829 et
464 784 570 846 subjectis
589 784 744 830 intoleratiorr

73 852 118 913 qui,
141 849 193 895 dolo
216 854 268 894 ante
287 850 418 909 composito,
441 848 565 904 incautum,
585 849 748 910 venationique

73 917 194 968 intentum,
213 910 353 967 interfecere,
369 914 464 975 pn‘mam
482 915 542 960 intra
556 915 687 976 juventam,
708 915 749 962 aed

74 979 207 1029 claritudine
229 993 312 1040 paucos
331 979 390 1025 inter
409 993 489 1025 senum
511 994 599 1041 regum,
620 979 749 1042 siperinde

75 1060 176 1094 amorem
194 1045 254 1090 inter
269 1043 394 1104 populares,
411 1058 479 1105 quam
491 1052 577 1092 metum
589 1046 650 1108 apud
664 1047 749 1101 hostes,

77 1111 226 1174 qaaesivisset.
258 1107 324 1155 Nece
335 1107 446 1155 Bardanis
456 1112 553 1158 turbatae
561 1110 701 1159 Parthorum
713 1127 750 1159 res

76 1180 137 1224 inter
147 1175 272 1237 ambiguos,
284 1174 334 1233 quis
345 1175 369 1219 in
385 1189 482 1236 regnum
494 1177 641 1238 acciperetur.
677 1176 751 1224 Multi

77 1243 106 1290 ad
124 1243 244 1289 Gotarzen
261 1237 414 1296 inclinabant;
434 1241 524 1300 quidam
542 1242 571 1288 ad
588 1239 750 1299 Meherdaten,

77 1307 164 1370 prolem
176 1304 302 1359 Pbrabatis,
322 1305 408 1351 obsidio
427 1306 491 1353 nobis
506 1307 598 1354 datum:
618 1308 673 1355 dein
688 1322 750 1370 prae·

77 1371 150 1420 valuit
166 1371 297 1426 Gotarzes;
319 1371 449 1431 potitusque
466 1373 559 1434 regiam,
577 1387 619 1434 per
635 1373 750 1420 saevitiam

79 1452 106 1485 ac
116 1438 195 1483 luxum
208 1436 283 1496 adegit
296 1434 393 1482 Parthos
404 1437 494 1484 mittere
508 1438 535 1484 ad
552 1439 678 1499 principem
697 1437 750 1485 Ro-

78 1517 171 1550 manurn
190 1501 290 1547 occultas
301 1516 385 1561 preces,
402 1504 458 1562 quis,
474 1504 573 1564 permitti
594 1503 750 1552 Meherdaten

78 1569 176 1632 patrium
188 1567 215 1613 ad
226 1565 348 1627 fastigium,
360 1568 459 1614 orabant.

112 1632 159 1679 XI.
167 1631 250 1679 lisdem
261 1633 389 1678 consulibus
399 1633 445 1679 ludi
458 1634 577 1680 seculares
584 1635 751 1697 octingentesi-

79 1714 118 1745 mo
133 1706 185 1760 post
204 1698 302 1744 Romam
320 1698 439 1753 conditam,
459 1708 538 1760 quarto
554 1705 576 1746 et
596 1702 752 1761 sexagesimo,

79 1779 148 1826 quam
166 1763 286 1824 Augustus
297 1763 402 1817 ediderat,
421 1766 514 1825 spectati
526 1773 586 1811 sunt.
621 1765 751 1828 Utriusque

78 1829 185 1891 principis
204 1828 302 1874 rationes
319 1830 475 1890 praetermitto,
494 1831 548 1878 satis
560 1839 661 1877 narratas
681 1832 751 1886 libris,

40 1950 42 1955 Ι
80 1894 162 1956 quibus
170 1909 206 1939 res
216 1895 358 1954 imperatoris
369 1894 497 1942 Domitiani
508 1898 638 1958 composui:
660 1912 714 1943 nam
732 1899 752 1944 is

80 1970 170 2020 qunq'ue
188 1959 256 2005 edidit
272 1960 339 2006 ludos
350 1961 469 2007 saeculares
479 1978 486 2018 ;
495 1962 574 2022 ‘iisque
585 1963 697 2008 intentius
709 1963 751 2009 ad·

80 2025 122 2082 sui,
135 2025 260 2071 sacerdotio
269 2026 461 2086 quindecimvirali
472 2028 585 2088 praeditus,
593 2042 619 2072 ac
631 2034 680 2072 tum
689 2043 751 2088 prae-

82 2097 132 2136 tor:
152 2091 213 2151 quod
232 2106 279 2136 non
293 2089 405 2153 jactantii
422 2091 501 2147 refero,
520 2093 560 2138 sed
578 2093 630 2153 quia
650 2093 751 2154 collegio

81 2156 283 2216 quindecimvirum
302 2158 424 2219 antiquitus
441 2173 468 2204 ea
482 2173 541 2212 cura,
561 2166 585 2204 et
603 2158 753 2225 magistratus

82 2222 225 2283 potissimum
253 2224 433 2282 exsequebantur
460 2223 533 2269 officia
561 2224 754 2270 caerimoniarum.

82 2287 180 2332 Sedente
193 2286 294 2341 Claudio,
314 2289 449 2334 circensibus
461 2289 525 2343 ludis,
546 2304 596 2335 cum
609 2290 673 2349 pueri
687 2289 752 2335 nobi-

79 2352 114 2397 les
125 2353 189 2412 equis
200 2352 310 2397 ludicrum
322 2352 399 2414 Trojae
417 2354 506 2407 inirent,
522 2354 625 2414 interque
644 2370 686 2402 eos
697 2354 754 2400 Bri-

81 2418 192 2469 tannicus,
205 2417 339 2478 imperatore
350 2419 447 2479 genitus,
465 2426 488 2465 et
500 2418 528 2464 L.
537 2418 663 2473 Domitius,
681 2421 753 2483 adop·

80 2483 143 2528 tione
163 2498 217 2527 mox
235 2483 257 2527 in
273 2483 391 2544 imperium
411 2482 434 2530 et
453 2493 630 2545 cognomentum
650 2483 754 2534 Neronis

79 2547 186 2604 adscitus,
198 2547 264 2595 favor
274 2549 346 2613 plebis
356 2551 428 2597 acrior
438 2551 465 2596 in
474 2547 614 2602 Domitium,
628 2551 680 2596 loco
691 2567 753 2612 prae·

72 2616 134 2681 sagii
146 2626 257 2683 acceptus
269 2626 323 2666 est:
341 2618 538 2680 vulgabaturque,
554 2614 770 2684 taurominitanae

64 2684 183 2740 dracones
197 2690 224 2739 in
238 2688 341 2741 modum
352 2685 504 2739 custodum
517 2679 627 2728 tabulata
641 2682 668 2719 et
681 2683 788 2718 mm*
