1680 2910
54 149 155 189 J.c.at.
204 146 395 226 ANNALIUM
412 146 522 196 LraIII.
536 147 643 197 Car.38.
679 150 724 193 105

54 275 163 337 rimapsr
173 273 263 324 Italiam
274 279 360 333 itinera,
377 278 456 326 fraude
466 279 591 341 mancipum
603 284 627 324 et
638 274 725 324 incurii

54 341 236 403 mgistrstmm,
258 344 384 405 interrupta
400 354 423 391 ct
444 345 558 405 impervia,
581 342 723 396 clamitando,

53 406 282 470 annuentemque
292 409 377 485 negotii
388 410 459 455 libens
467 409 580 484 suscepit:
594 407 654 468 quod
664 407 724 453 haud

54 471 148 531 perinde
158 471 246 547 publice
257 488 307 519 usur
300 474 417 519 habitum
419 488 499 534 ,quam
508 474 628 519 exitiosum
638 472 723 524 multis,

54 550 152 595 quonam
163 537 187 581 in
198 538 316 598 pecuniam
327 546 394 598 atque
409 537 492 584 famam
510 537 689 616 damnationibus
700 543 724 583 et

54 598 120 646 hasti
131 601 246 647 saeviebat

90 663 205 711 XXXII.
221 666 304 728 Neque
319 667 390 715 multo
406 674 464 728 post,
484 667 559 713 missis
576 667 604 713 ad
619 673 721 712 senatum

55 728 135 782 literis,
157 729 268 786 Tiberius,
290 740 486 778 motam-rursum
508 730 609 778 Africam
631 732 723 777 incursu

56 790 215 851 Tacfarinatis,
233 797 325 854 docuit;
336 797 468 858 judicioque
477 802 566 858 patrum
577 795 721 856 deligendum

55 874 98 920 pro
108 859 203 906 consule
213 876 309 919 gnarum
317 862 409 916 militiae,
418 877 512 922 corpore
519 861 623 913 validum,
635 860 723 905 etbello

57 921 219 971 suffecturum:
239 926 298 985 quod
314 927 402 973 initium
421 928 474 973 Sex.
487 925 608 987 Pompeius
622 924 722 986 agitandi

57 988 166 1043 adversus
178 988 215 1035 Μ.
223 988 334 1051 lepidum
346 991 390 1037 odii
402 1000 488 1046 nactus,
506 999 530 1037 ut
545 989 667 1042 socordem,
685 989 721 1043 inq

58 1067 133 1114 opem,
155 1061 179 1099 et
197 1055 317 1115 majoribus
335 1056 382 1102 suis
400 1056 540 1108 dedecorum,
562 1069 635 1114 eoque
653 1053 721 1099 etiam

57 1117 123 1165 Asiae
134 1126 196 1165 sone
211 1119 373 1180 depellendum,
390 1121 505 1170 incusavit,
524 1120 617 1165 adverso
634 1125 721 1172 senatu,

57 1182 96 1243 qni
108 1181 221 1244 Lepidum
233 1184 310 1230 mitem
321 1185 401 1246 magis,
413 1200 479 1244 qnam
491 1185 605 1244 ignavum,
617 1180 721 1244 paternas

57 1248 78 1293 ei
88 1247 213 1309 angustias,
221 1255 244 1292 et
256 1249 392 1295 nobilitatem
404 1251 452 1296 sine
463 1249 543 1311 probro
550 1255 629 1300 anam,
641 1247 720 1292 honori

57 1326 125 1372 quarn
136 1312 269 1373 ignominiae
283 1314 405 1360 habendam
422 1314 522 1361 ducenae
555 1311 629 1373 Igitur
640 1312 721 1356 missua

56 1377 81 1423 iu
89 1376 179 1424 Asiam.
210 1376 243 1425 Et
251 1377 280 1424 de
288 1376 494 1433 Africddecretnm,
506 1385 531 1424 ut
540 1375 618 1425 Caesar
626 1376 719 1436 legeret,

58 1441 94 1487 cni
106 1441 308 1489 mandandaforet.

89 1501 220 1553 xxxttl.
235 1506 299 1554 Inter
309 1524 360 1569 quae
372 1509 469 1557 Severus
481 1507 574 1558 Caecins
585 1507 679 1560 censuit,
690 1521 720 1553 ne

56 1585 124 1648 quern
143 1572 306 1632 magistratum,
325 1574 360 1619 cui
380 1576 495 1635 provincia
510 1574 643 1625 obvenisset,
662 1586 720 1616 uxor

56 1637 220 1693 comitaretur,
236 1638 331 1684 multum
348 1648 400 1685 ante
417 1641 518 1700 repetito,
534 1637 668 1684 concordem
680 1635 721 1681 sibi

55 1702 186 1763 conjugem,
205 1709 230 1748 et
246 1717 287 1748 sex
303 1711 380 1764 partus
398 1704 502 1750 enixam·
528 1718 601 1763 seque.
624 1716 676 1779 quae
697 1700 721 1746 in

56 1766 170 1826 publicum
188 1773 302 1821 statueret,
321 1768 381 1814 domi
399 1770 529 1821 servavisse,
549 1763 645 1813 cohibita
664 1766 723 1810 intra

57 1828 154 1884 ltaliam,
172 1847 305 1892 quamquam
321 1833 370 1893 ipse
384 1833 459 1894 plures
475 1848 515 1894 per
529 1831 655 1894 provincias
666 1844 722 1890 qua·

57 1894 162 1956 draginta
178 1897 290 1956 stipendia
306 1898 449 1958 explevisset.
481 1896 551 1943 Haud
564 1897 623 1942 enim
638 1893 722 1939 frustra

56 1959 164 2021 placitum
175 1961 236 2015 olim,
249 1976 277 2008 ne
286 1961 377 2008 feminae
388 1963 411 2007 in
423 1962 496 2008 socios
507 1968 545 2008 aut
556 1966 636 2021 gentes
646 1966 721 2003 exter-

55 2038 97 2071 nas
116 2026 273 2072 traherentur:
298 2027 371 2073 inesse
390 2027 508 2073 mulierum
526 2022 648 2075 comitatui,
670 2036 721 2081 quae

55 2103 135 2149 pacem
142 2090 205 2144 luxu
214 2091 296 2136 bellurn
304 2090 424 2137 formidine
430 2096 551 2141 morentur
560 2096 583 2133 et
591 2087 721 2133 &manum

55 2167 139 2213 agmen
151 2155 179 2201 ad
195 2154 363 2200 similitudinem
374 2156 460 2202 barbari
471 2153 572 2200 incessus
583 2156 722 2198 convertant.

56 2216 114 2264 Non
126 2219 261 2265 imbecillum
273 2226 359 2265 tantum
368 2228 390 2266 et
401 2222 508 2281 imparem
517 2217 627 2264 laboribus
634 2229 721 2267 sexum,

55 2284 103 2333 sed.
117 2299 136 2330 ιι
129 2284 237 2330 'licentia
249 2284 314 2337 adsit,
329 2299 422 2338 saevum,
440 2283 588 2335 ambitiosum,
606 2280 723 2342 potestatis

54 2349 160 2395 avidum.
179 2349 283 2394 incedere
303 2349 361 2395 inter
377 2350 466 2401 milites,
486 2349 567 2394 habere
583 2347 611 2392 ad
629 2360 722 2391 manum

52 2414 216 2459 centuriones.
240 2414 373 2475 praesedisse
395 2428 465 2475 nuper
485 2411 592 2458 seminam
615 2411 721 2457 exercitio

54 2477 190 2530 cohortium,
201 2477 297 2524 decursu
308 2478 431 2539 legionum.
464 2475 652 2537 Cogitarentipsi,
664 2489 720 2583 quo-

54 2541 98 2587 ties
110 2542 282 2602 repetundamm
293 2543 360 2605 aliqui
372 2549 528 2607 arguerentur,
540 2541 608 2604 plura
615 2540 686 2587 unsri
679 2539 727 2583 bus

49 2605 171 2663 olp'eetarr':
189 2606 226 2653 Iu‘s
235 2609 314 2656 statim
327 2610 489 2661 adhaerescere
498 2608 742 2674 ueteranumquem-

38 2669 288 2728 ⁹¹¹⁹P10V1'1101211um:
311 2679 343 2728 ab
359 2680 399 2731 his
411 2680 515 2746 negotia
524 2675 626 2743 suscipis
640 2678 760 2731 ΨΜ)
