1680 2910
127 146 178 195 254
318 137 613 193 suessulanum
680 145 800 195 uem

125 283 202 329 ruunt,
221 272 318 321 necdum
336 279 445 336 gerentum
462 272 556 336 periculi
574 272 707 322 immineret
728 277 799 338 gressi.

125 339 248 390 Petronius
260 339 327 396 enim,
342 346 377 387 tot
388 340 522 387 miserorum
533 339 642 401 adspectu
656 346 682 387 et
695 342 797 402 preribrs

126 407 232 459 mollitus,
250 404 333 460 literas,
349 405 455 466 pietatem
470 405 531 452 inter
540 412 566 452 et
580 405 716 467 obsequium
728 407 797 455 mbi-

126 484 190 535 guas,
202 471 231 518 ad
241 471 364 533 principem
376 470 481 518 miserat:
499 469 574 519 lentas
584 485 681 533 operas:
701 472 743 519 setl
753 487 796 521 non

123 539 209 584 intutu
224 551 312 583 moras:
332 535 453 598 religiones
469 536 796 599 temporeporius.‚q1umri

123 603 233 665 gliscere:
253 600 348 649 Judaeos
366 602 435 648 sacris
450 602 497 649 suis
513 601 655 663 pervicacius
669 602 794 659 &tritta

124 669 144 713 si
155 666 306 723 festinaretur,
315 667 375 714 forte
386 682 493 728 agrorum
504 668 603 728 vitaeque
614 667 706 723 oblitos,
723 669 748 716 is
761 666 796 717 sui

124 732 247 795 perniciem
259 740 340 794 sponte
350 735 428 787 ituros,
440 747 492 779 curn
504 747 593 779 summo
604 733 714 796 principis
725 734 792 783 detri-

124 805 210 852 mento,
230 799 268 860 qui
290 813 345 846 sane
365 813 406 860 per
427 798 467 846 bns
489 798 595 860 regiones
615 799 752 847 meditatum
770 800 792 847 in

125 863 255 926 AEgyptum
271 864 313 910 iter
331 863 423 910 faceret.
456 861 532 917 Ceius,
551 864 581 910 ob
591 864 734 926 suspiciones
744 880 792 927 per·

126 930 209 991 spicas,
217 930 306 976 divinos
316 929 414 975 honores
421 944 435 975 s
442 927 529 977 Judoeis
540 929 619 991 negari
628 936 653 977 et
662 928 792 977 Petronium

125 996 248 1042 connivere
259 995 400 1056 introspexit.
432 992 526 1041 Veritus
540 1001 618 1041 tamen
629 994 745 1042 exercitus
755 995 791 1042 ‹le-

124 1060 253 1114 sectionem,
271 1061 373 1106 modeste
390 1059 515 1121 rescripsit3
535 1058 674 1120 laudstbque
692 1059 791 1107 Petronii

124 1125 356 1188 prudentiihortatus
365 1132 431 1172 estut
439 1124 540 1172 collectis
546 1125 596 1187 jem
603 1124 716 1187 frugibus,
720 1126 792 1172 nubo·

123 1207 167 1252 que
179 1192 276 1237 instante
286 1191 392 1253 periculo,
404 1206 483 1253 operas
494 1197 592 1252 urgeret,
604 1198 629 1237 et
639 1190 792 1255 debitaspr‘o

123 1257 166 1319 cipi
176 1257 296 1318 religiones
305 1263 423 1304 assereret„

156 1319 264 1384 [Interim
281 1336 322 1367 rex
332 1321 441 1384 Agrippa,
458 1319 559 1368 Petroni
569 1320 687 1368 liternum
698 1320 792 1376 nescius,

125 1385 206 1435 Catum
219 1387 338 1433 salutatum
350 1389 421 1433 venit.
453 1384 526 1431 Vultu
537 1387 585 1448 eJus
597 1386 704 1434 obnubilo
714 1393 739 1435 et
749 1387 792 1433 ires

123 1452 260 1499 recondente
276 1451 374 1513 primum
394 1452 491 1507 territus,
508 1449 563 1497 mox
579 1452 661 1498 auditis
671 1452 792 1514 exprobra-

122 1517 222 1563 tionibus
233 1524 325 1577 gentem
337 1512 399 1563 suam
411 1516 516 1562 rebellem
528 1532 584 1572 esse,
596 1517 690 1578 principi
702 1518 792 1579 q'usque

121 1583 209 1629 numini
228 1581 343 1636 infensam,
359 1582 392 1627 ita
407 1582 506 1642 diriguit,
523 1589 549 1627 ut
565 1582 685 1629 exanimus
701 1583 791 1629 domum

122 1663 186 1694 suam
198 1646 265 1694 suerit
276 1653 409 1708 reportatus.
443 1645 538 1693 Postero
550 1646 588 1693 die
602 1647 685 1694 animis
695 1648 789 1695 viribus·

122 1728 167 1773 que
184 1712 299 1773 paululum
311 1713 423 1766 recreetis,
440 1712 526 1774 longas,
538 1711 663 1774 supplicum
675 1728 748 1768 more,
764 1713 790 1759 li·

122 1783 182 1823 teras
194 1778 254 1822 misit
265 1777 373 1839 principi:
394 1792 488 1838 quarum
499 1777 602 1824 libertate
613 1776 728 1832 excusati,
740 1793 790 1840 pro·

121 1841 225 1889 fitebatur
237 1858 261 1889 se
270 1857 346 1890 amore
356 1844 434 1904 patriae
446 1857 586 1897 succensum,
597 1843 646 1888 svis
656 1844 791 1904 prosvisque

123 1909 213 1970 regibus
226 1909 292 1954 simul
304 1915 327 1954 et
338 1909 432 1955 summis
444 1906 584 1969 pontificibus
596 1916 681 1962 natum,
696 1907 743 1954 Dei
759 1908 791 1956 al·

123 1974 205 2021 tissimi
224 1975 333 2035 templum
351 1989 438 2034 semper
453 1983 591 2026 veneratum,
603 1989 644 2034 pro
656 1989 687 2026 se,
699 1989 741 2034 pro
752 1989 790 2035 pa·

122 2038 173 2093 trit,
184 2055 225 2100 pro
237 2039 278 2086 suti
288 2047 363 2102 gente,
377 2038 518 2086 elementiam
527 2040 678 2099 pietatemque
685 2039 791 2102 principis

123 2120 224 2151 exorare.

154 2167 312 2232 [Meminisset
327 2184 420 2216 ovorum
438 2182 529 2215 suorum
542 2166 652 2228 Agrippae
664 2173 687 2213 et
698 2167 790 2229 Tiberii,

120 2234 219 2294 Augusti
238 2236 321 2295 proavi,
340 2236 438 2296 proaviae
457 2230 539 2281 Juliae:
559 2247 638 2278 omnes
655 2231 790 2280 Judaeomm

120 2300 222 2360 religioni
231 2300 326 2346 favisse:
347 2301 479 2362 Agrippum,
492 2313 543 2343 cum
557 2296 728 2357 Hierosolymae
736 2314 790 2346 ver·

119 2366 214 2418 sabatur,
220 2365 314 2426 singulis
323 2366 400 2410 diebus
408 2370 574 2410 sacrosanctum
583 2363 692 2423 templum
702 2364 790 2419 adiisse,

118 2430 284 2490 verendumque
295 2432 343 2492 ejus
354 2432 500 2492 majestatem,
519 2435 542 2474 et
553 2443 666 2474 sacrorum
680 2430 789 2476 sanctita·

118 2502 164 2541 tern
178 2495 317 2550 nrlrniratum,
330 2495 384 2540 illud
396 2496 461 2541 donis
472 2492 609 2540 exominse:
629 2492 749 2540 Tiberium
761 2509 790 2541 ne

118 2560 217 2607 voluisse
227 2560 316 2622 quidem
332 2569 421 2606 auratos
432 2560 531 2620 clypeos,
549 2557 611 2605 nulli
627 2556 734 2620 imagine,
751 2559 790 2606 sed

111 2628 180 2677 titulo
193 2636 285 2677 tantum
297 2628 410 2690 insignes,
421 2626 465 2672 silis
471 2626 498 2669 in
503 2623 609 2668 uersus
619 2621 687 2679 repis
693 2623 793 2667 ss'xbsts

103 2697 207 2758 dicatos,
221 2699 245 2747 in
257 2696 319 2747 urbe
330 2691 416 2747 sareu
424 2704 531 2744 maneres
538 2683 725 2732 &mmm
731 2690 806 2725 ms-
