1680 2910
53 182 152 223 acas.
219 177 312 227 me.
330 176 531 230 ANNALIUM.
672 184 720 229 295

57 312 152 360 Helena
167 310 281 359 frumento
297 325 327 358 ex
343 311 448 375 AEgypto
465 316 611 374 comportato,
629 316 652 358 et
668 302 728 359 intel·

57 393 145 440 egenos
155 377 233 424 didito.
576 374 579 378 ’
712 410 715 422 .
745 420 748 426 ,

83 441 165 505 ·[Tum
177 441 264 499 Izates,
275 441 433 490 Romanorum
444 448 468 488 ct
480 441 615 490 Parthorum
626 442 740 505 imperii&¹

57 508 197 570 interjectus,
207 509 374 555 inclarescebat.
402 507 447 555 Sed
457 507 524 569 paulo
535 507 602 554 altius
613 523 650 554 res
661 522 726 569 repe-

57 574 133 620 tenda.
151 571 176 619 Is
187 573 327 628 Monobazo,
339 573 396 635 patri
408 588 456 628 suo,
465 572 572 620 defuncto
580 580 727 629 successerat,

58 654 106 685 non
121 645 147 685 ut
161 646 216 686 natu
230 640 308 700 major,
324 639 363 684 sed
377 645 403 684 ut
417 638 504 685 melior.
535 637 587 684 Nec
601 637 727 685 interfectis¹

57 702 171 758 fratribus,
191 711 218 750 ut
236 718 287 750 mos
305 709 341 749 est
359 703 464 758 barbaria,
483 703 548 765 regni
565 703 727 763 tranquillitati,

60 783 109 815 suae
116 769 229 815 securitati
237 768 360 825 consuluit3
374 769 412 815 sed
418 768 498 814 fratres
505 783 559 815 suos
565 783 617 814 cum
625 769 726 828 ipsorum

58 833 135 880 liberis
145 835 227 896 partim
238 833 337 881 Romam
348 834 376 880 ad
388 831 517 890 Claudium,
529 833 610 893 partim
619 832 647 878 ad
656 832 726 879 Arta·
747 876 750 880 .

58 899 150 953 barrum,
166 899 302 946 Parthorum
314 913 398 960 regem,
410 899 479 944 misit.
512 897 682 945 Dominationis
694 912 727 944 ae-

60 964 136 1010 mulos
147 965 189 1010 bac
200 972 248 1011 arte
258 964 312 1011 fecit
322 965 384 1025 pacis
395 964 490 1011 obsides.
788 964 790 973 ‘

84 1029 167 1092 ¹[Mox
186 1030 284 1076 accrevit
301 1029 368 1083 fama,
388 1044 439 1075 cum
458 1027 544 1074 Izates·
555 1027 695 1074 Artabanum
716 1043 730 1076 a

59 1109 133 1156 regno
143 1094 265 1156 profugum
277 1093 340 1141 tantia
354 1094 493 1140 humanitate
507 1093 601 1154 excepit,
617 1100 642 1140 ut
654 1093 728 1141 aliano
753 1146 757 1160 ‚

58 1159 83 1207 in
96 1175 166 1222 regno
178 1161 280 1222 princeps
291 1160 371 1222 magis,
383 1174 451 1220 qnam
462 1158 527 1205 exsul
538 1159 662 1205 haberetur.
695 1159 729 1204 At

60 1239 113 1270 cum
125 1225 197 1272 aliena
207 1226 297 1286 regibus
308 1240 397 1286 semper
407 1225 453 1271 siut
465 1224 547 1284 iniqua,
563 1222 662 1269 maximi
672 1223 728 1270 dex·

60 1290 150 1336 teritate
158 1291 246 1351 sategit,
259 1298 283 1337 ut
292 1290 372 1336 Parthi
381 1289 520 1335 Artabanum
529 1288 660 1350 reciperent,
668 1303 728 1349 prae·

61 1355 178 1401 teritarum
190 1355 321 1417 injuriarum
332 1355 473 1406 oblivionem,
487 1369 554 1414 seque
562 1354 624 1414 pacis
633 1368 728 1414 sponso·

60 1434 109 1465 rem
120 1421 261 1482 promittens.
288 1416 410 1475 Ananiae,
426 1425 449 1464 et
462 1416 594 1471 Cinnamus,
606 1417 729 1480 imperandi

61 1499 132 1546 capax
151 1486 230 1547 magis,
251 1499 318 1545 quam
337 1484 422 1539 avidus,
443 1483 500 1530 solio
519 1483 593 1538 cessit,
613 1484 727 1545 obsequio,

61 1565 130 1611 quam
141 1551 233 1612 imperio
244 1550 358 1597 illustrior.

95 1614 241 1677 [Artabanus
253 1616 276 1660 in
287 1614 375 1662 Izatem
384 1615 443 1661 haud
451 1614 560 1676 ingratus,
572 1614 677 1661 maximis
685 1615 728 1662 ho-

62 1681 154 1726 noribus
165 1695 216 1726 eum
228 1681 323 1737 extulit3
341 1680 457 1740 voluitque
470 1687 495 1725 ut
510 1679 567 1727 tiarb
580 1678 641 1727 recti
652 1687 727 1727 utere·

60 1751 104 1800 tur,
116 1745 219 1806 lectoque
231 1761 298 1792 aureo
309 1745 417 1791 dormiret
421 1761 429 1801 ;
444 1760 495 1805 quae
506 1745 595 1807 propria
606 1752 659 1792 sunt
669 1744 727 1792 Par·

61 1811 129 1857 thicae
143 1812 266 1873 majestatis
280 1812 374 1858 decora:
396 1810 445 1872 ejus
459 1825 548 1870 quoque
562 1825 633 1872 regno
648 1811 728 1871 adjecit

60 1876 197 1938 peramplam
209 1892 235 1923 ac
246 1874 405 1923 fertilissimam
414 1873 502 1922 Nisibis
512 1876 636 1937 regionem,
648 1876 726 1922 ditioni
743 1905 746 1911 »

60 1941 122 2003 regis
138 1941 255 1988 Armeniae
266 1943 385 1989 ademtam.
419 1939 456 1987 lta
470 1956 521 1986 cum
537 1941 650 1987 dedecore
660 1955 730 2001 penes

61 2005 180 2054 Romanos
191 2023 246 2070 opes
257 2023 283 2054 ac
294 2007 377 2065 libido;
393 2021 463 2070 penes
473 2005 579 2053 barbaros
592 2005 679 2067 imperii
692 2005 728 2052 vis

60 2078 84 2118 et
95 2071 175 2134 gloria.
511 2087 523 2102 .

94 2136 194 2200 [Verum
205 2145 232 2185 ut
242 2139 349 2202 principis
361 2137 476 2199 Urbisque
487 2136 560 2184 studia
571 2136 615 2182 sint
622 2149 727 2198 perspec—

59 2202 125 2257 tiora,
137 2204 197 2250 haud
207 2205 292 2267 pigebit
304 2204 387 2251 referre
397 2205 470 2251 visum
479 2204 523 2250 hoc
530 2217 590 2250 anuo
599 2201 729 2248 Antiochiae

60 2268 90 2314 ad
110 2268 255 2317 Maeandrum
274 2270 497 2331 hermaphroditum
521 2276 545 2315 et
558 2265 657 2315 Romam
674 2281 728 2327 per·

60 2333 161 2379 ductum.
194 2333 329 2382 Portentum
341 2335 397 2381 illud
407 2335 436 2380 ibi
448 2334 536 2380 curiose
554 2339 672 2395 exceptum
684 2337 728 2378 est.

60 2398 96 2444 At
107 2400 197 2459 nequid
213 2400 286 2446 dirum
297 2401 420 2462 ingrueret,
438 2397 552 2452 Claudius,
564 2406 590 2444 ut
600 2399 684 2459 legum,
696 2403 729 2443 lta

59 2463 240 2511 caerimoniarum
255 2466 397 2521 immodicus,
413 2464 436 2509 in
452 2461 564 2525 Capitolio
581 2462 635 2511 Jovi
651 2463 728 2508 Aver-

59 2543 131 2576 nmco
142 2544 203 2576 aram
218 2531 300 2593 posuit.
334 2529 404 2576 Urbis
418 2544 473 2576 vero
483 2530 555 2592 major
568 2529 642 2582 libido,
659 2541 727 2587 quam

60 2595 202 2656 superstiti03
214 2596 319 2658 quodque
327 2595 382 2643 olim
392 2595 418 2643 iu
428 2595 529 2643 ostentis
535 2594 625 2646 iuerat,
630 2591 744 2637 aumba-

53 2657 102 2704 buit
112 2660 137 2705 in
149 2659 242 2718 deliciis,
255 2678 320 2712 novo
332 2662 484 2730 flagitiorum
495 2674 589 2726 genere
599 2652 713 2715 superb&

74 2722 92 2785 [
89 2719 177 2781 Iisdem
185 2729 285 2781 circiter
297 2734 462 2800 temporibus,
470 2709 794 2780 aecmauuuixlx'wfflm*
