1680 2910
61 143 161 188 J.c.16.
218 143 411 194 ANNALIUM
427 144 526 194 Lan.
539 145 647 196 Canid.
695 152 727 196 57

63 275 157 337 regulis.
189 273 226 323 Ut
235 276 286 338 quis
299 291 329 323 ex
342 276 466 340 longinquo
479 283 602 332 revenernt,
619 277 726 327 miracula

63 340 190 396 narrabant,
200 340 248 387 rim
257 341 379 396 turbinum,
391 350 414 388 et
424 342 648 397 inauditnsvoluorer,
660 357 725 390 mon·

62 409 112 456 atra
120 406 196 462 made
206 407 323 468 ambiguas
333 407 449 453 bominum
459 415 484 455 et
492 407 615 454 belluarum
625 407 724 466 formas3

62 469 120 523 vira,
131 471 293 517 siveexmetu
304 472 394 518 eredita.
525 510 528 514 .
811 514 817 535 ,

97 533 182 583 XXV.
199 535 244 583 Sed
253 534 314 582 fama
323 536 400 584 classis
410 536 506 592 amisaae,
522 543 547 582 ut
559 536 686 584 Germanos
697 536 726 584 ad

64 614 127 660 spem
138 600 198 656 belli,
213 601 246 646 ita
257 598 371 648 Caesarem
387 601 574 648 ad‘cndreendum
585 602 662 648 erexit.
689 596 725 649 ’0.

65 662 122 711 silio
133 679 186 711 eum
196 664 290 727 triginta
304 665 410 727 peditum,
427 667 497 713 tribus
512 667 611 726 equiturn
627 666 725 713 millibus

63 728 98 775 ire
111 729 136 775 in
148 727 229 777 Cattos
239 729 346 791 imperat:
365 731 413 792 ipse
423 731 542 792 majoribus
552 731 622 792 copiis
633 730 726 778 Marsos

64 792 184 855 irrumpit;
200 808 295 855 quornm
305 794 352 841 dux
364 794 522 849 Malevendus,
537 809 607 856 nuper
622 797 646 842 in
661 795 724 841 dedi·

64 857 151 934 tionem
165 864 277 920 acceptus,
292 860 417 921 propinquo
430 860 482 906 luco
496 859 607 906 defossam
621 858 726 908 Varianae

63 921 511 1050 iidffldmmdiiid‘ffidl
519 925 725 1046 titulati&

63 1050 109 1106 dii,
131 1052 176 1113 qui,
196 1059 262 1113 terga
277 1053 439 1115 circumgressi,
456 1053 595 1100 recluderent
613 1054 721 1104 humum:

63 1123 89 1163 et
96 1118 199 1178 'utrisque
208 1116 279 1163 adfuit
288 1117 385 1164 fortuna.
418 1117 455 1164 Eo
466 1117 574 1179 promtior
585 1115 666 1166 Caesar
672 1133 723 1180 per-

64 1180 101 1243 git
113 1182 231 1237 introrsus,
247 1183 371 1245 populatur,
388 1183 499 1230 exscindit
514 1197 560 1230 nou
574 1196 653 1230 ausum
668 1197 724 1228 eon-

32 1278 43 1289 .
63 1245 129 1308 gredi
139 1246 234 1301 bostem,
251 1256 296 1302 eut,
313 1248 381 1294 sicubi
397 1248 514 1302 restiterat,
531 1247 606 1293 statim
620 1247 726 1309 pulsum

64 1325 108 1358 nee
118 1326 217 1372 unquam
227 1313 307 1373 magis,
325 1320 351 1359 ut
361 1327 390 1359 ex
401 1312 494 1374 captivis
504 1312 620 1373 cognitum
632 1317 673 1366 eat,
684 1326 725 1373 pa·

63 1381 163 1422 ventem.
197 1375 286 1438 Quippe
296 1377 398 1431 invictos,
416 1384 439 1423 et
454 1377 520 1423 nullis
536 1377 623 1423 casibus
633 1390 724 1437 supera-

62 1439 119 1487 biles
125 1440 244 1488 Romanos
251 1442 407 1504 praedicabant,
418 1442 464 1503 qui,
473 1439 560 1504 perditis
567 1441 644 1495 classe,
656 1441 724 1487 amis·

62 1506 94 1551 sis
105 1506 180 1561 armis,
191 1513 242 1568 post
252 1513 366 1553 constrata
375 1521 483 1566 equorum
493 1507 636 1566 virorumque
643 1520 724 1567 corpo·

62 1570 123 1617 ribus
131 1570 203 1626 litora,
214 1570 294 1617 ebdern
302 1571 391 1628 virtute,
402 1572 449 1635 pari
456 1569 545 1627 ferocid,
556 1577 580 1617 et
586 1571 657 1618 veluti
665 1570 725 1618 aucti

62 1649 157 1681 numero
167 1635 306 1698 irrupissent.

97 1698 194 1746 XXVI.
210 1700 327 1747 Reductus
346 1701 397 1748 inde
415 1703 440 1747 in
456 1702 547 1748 hiberna
564 1700 636 1756 miles,
657 1701 724 1748 laetua

63 1764 138 1820 animi,
150 1767 210 1826 quod
221 1766 315 1812 adversa
322 1768 389 1813 maris
400 1767 541 1829 expeditione
550 1763 657 1828 prosperi
667 1780 723 1827 pen-

63 1830 165 1877 savisset.
197 1830 290 1877 Addidit
311 1830 485 1878 munificentiam
508 1829 593 1885 Caesar,
615 1840 724 1890 quantum

63 1895 114 1953 quis
123 1895 199 1942 damni
209 1895 323 1957 professus
331 1907 384 1952 erat,
397 1896 541 1943 exsolvendo.
574 1894 625 1941 Nec
633 1895 724 1941 dubium

62 1958 189 2015 habebatur,
205 1961 279 2007 labare
297 1961 379 2016 hostes,
395 1961 541 2024 petendaeque
557 1960 618 2021 pacis
633 1959 726 2006 consilia

62 2038 158 2080 sumere,
170 2032 200 2079 et,
212 2025 231 2071 si
238 2026 340 2087 proxima
348 2033 414 2072 nestas
422 2026 559 2086 adjiceretur,
570 2023 725 2085 possebellum

61 2090 157 2150 patrari:
178 2090 218 2136 sed
232 2091 314 2136 crebris
323 2090 422 2152 epistolis
433 2089 536 2136 Tiberius
544 2089 654 2141 monebat,
672 2087 724 2134 red-

63 2153 107 2200 iret
120 2154 149 2200 ad
164 2154 279 2201 decretum
294 2156 437 2216 triumphurn,
454 2154 508 2201 satis
525 2155 574 2215 jam
594 2160 723 2207 eventuum,

61 2218 116 2265 setis
127 2233 235 2265 casuum:
254 2234 360 2282 prospere
368 2220 400 2265 illi
411 2226 435 2265 et
445 2217 626 2280 magnaproelia:
646 2231 725 2263 eorum

61 2298 152 2344 quoque
162 2284 308 2340 meminisset,
321 2298 373 2344 quae
383 2284 445 2330 venti
456 2291 479 2329 et
488 2282 576 2337 fluctus,
589 2279 652 2329 nullb
662 2282 725 2328 ducis

61 2347 136 2410 culpd,
152 2349 232 2410 gravia
242 2355 317 2396 tumen
327 2357 352 2396 et
364 2363 424 2395 saeva
436 2348 516 2395 damna
526 2347 660 2394 intulissent.
694 2346 725 2393 Se

62 2413 141 2459 novies
156 2428 170 2459 a
185 2412 218 2460 D.
226 2413 333 2476 Augusto
350 2414 374 2459 irr
390 2413 535 2460 Germaniam
551 2413 644 2458 missum
661 2412 726 2473 plura

62 2478 164 2532 consilio,
176 2492 243 2539 quarn
254 2478 277 2525 vi
287 2477 420 2540 perfecisse:
441 2478 473 2523 sic
486 2477 622 2539 Sugambros
631 2478 654 2522 in
662 2475 724 2521 dedi·

61 2542 146 2589 tionem
158 2551 271 2604 arreptos:
290 2543 324 2590 sic
334 2542 423 2592 Suevos
430 2540 745 2610 regemquebbambnduum

49 2606 275 2679 paceflobstrr'otum:
302 2627 373 2674 posse
394 2621 418 2662 et
438 2610 587 2669 Cherussns,
608 2614 763 2661 cetere-snus

40 2667 159 2716 “hemum
167 2680 261 2733 gentes,
275 2680 376 2743 quando
389 2681 518 2736 Romane
528 2666 781 2735 munumentum
