<?xml version="1.0" encoding="UTF-8"?>
<!DOCTYPE html PUBLIC "-//W3C//DTD XHTML 1.0 Transitional//EN"
    "http://www.w3.org/TR/xhtml1/DTD/xhtml1-transitional.dtd">
<html xmlns="http://www.w3.org/1999/xhtml" xml:lang="en" lang="en">
 <head>
  <title>
</title>
<meta http-equiv="Content-Type" content="text/html;charset=utf-8" />
  <meta name='ocr-system' content='tesseract 3.04.00' />
  <meta name='ocr-capabilities' content='ocr_page ocr_carea ocr_par ocr_line ocrx_word'/>
</head>
<body>
  <div class='ocr_page' id='page_1' title='image "./ccorneliitaciti00obergoog_0098.png"; bbox 0 0 1680 2910; ppageno 0'>
   <div class='ocr_carea' id='block_1_1' title="bbox 68 134 734 186">
    <p class='ocr_par' dir='ltr' id='par_1_1' title="bbox 68 134 734 186">
     <span class='ocr_line' id='line_1_1' title="bbox 68 134 734 186; baseline 0.011 -8"><span class='ocrx_word' id='word_1_1' title='bbox 68 140 88 178; x_wconf 87' lang='lat' dir='ltr'><strong>J.</strong></span> <span class='ocrx_word' id='word_1_2' title='bbox 99 140 124 179; x_wconf 87' lang='lat' dir='ltr'><strong>c.</strong></span> <span class='ocrx_word' id='word_1_3' title='bbox 136 144 166 186; x_wconf 81' lang='lat'><strong>19·</strong></span> <span class='ocrx_word' id='word_1_4' title='bbox 221 134 414 185; x_wconf 81' lang='lat' dir='ltr'>ANNALIUM</span> <span class='ocrx_word' id='word_1_5' title='bbox 431 135 653 186; x_wconf 77' lang='lat' dir='ltr'><strong>Lrs.&#39;lI.Car.82.</strong></span> <span class='ocrx_word' id='word_1_6' title='bbox 702 140 734 186; x_wconf 80' lang='lat'><strong>85</strong></span> 
     </span>
    </p>
   </div>
   <div class='ocr_carea' id='block_1_2' title="bbox 47 267 762 2665">
    <p class='ocr_par' dir='ltr' id='par_1_2' title="bbox 68 267 737 964">
     <span class='ocr_line' id='line_1_2' title="bbox 69 267 734 331; baseline -0.003 -16"><span class='ocrx_word' id='word_1_7' title='bbox 69 274 188 329; x_wconf 86' lang='lat' dir='ltr'><strong>parentem</strong></span> <span class='ocrx_word' id='word_1_8' title='bbox 199 267 312 328; x_wconf 78' lang='lat' dir='ltr'><strong>quondam</strong></span> <span class='ocrx_word' id='word_1_9' title='bbox 324 268 465 330; x_wconf 89' lang='lat' dir='ltr'><strong>appellatum,</strong></span> <span class='ocrx_word' id='word_1_10' title='bbox 477 269 496 315; x_wconf 89' lang='lat' dir='ltr'><strong>si</strong></span> <span class='ocrx_word' id='word_1_11' title='bbox 507 270 560 331; x_wconf 83' lang='lat' dir='ltr'><strong>jure</strong></span> <span class='ocrx_word' id='word_1_12' title='bbox 570 276 682 330; x_wconf 80' lang='lat' dir='ltr'><strong>ageretur,</strong></span> <span class='ocrx_word' id='word_1_13' title='bbox 693 284 734 330; x_wconf 86' lang='lat' dir='ltr'><strong>po·</strong></span> 
     </span>
     <span class='ocr_line' id='line_1_3' title="bbox 68 333 737 395; baseline -0.001 -14"><span class='ocrx_word' id='word_1_14' title='bbox 68 334 159 388; x_wconf 61' lang='lat' dir='ltr'><strong>torem,</strong></span> <span class='ocrx_word' id='word_1_15' title='bbox 170 333 276 388; x_wconf 82' lang='lat' dir='ltr'><strong>siarmis,</strong></span> <span class='ocrx_word' id='word_1_16' title='bbox 286 340 334 379; x_wconf 83' lang='lat' dir='ltr'><strong>&#39;non</strong></span> <span class='ocrx_word' id='word_1_17' title='bbox 344 333 473 390; x_wconf 81' lang='lat' dir='ltr'><strong>invalidum,</strong></span> <span class='ocrx_word' id='word_1_18' title='bbox 483 335 599 381; x_wconf 82' lang='lat' dir='ltr'><strong>vidissent.</strong></span> <span class='ocrx_word' id='word_1_19' title='bbox 625 333 686 380; x_wconf 88' lang='lat' dir='ltr'><strong>Turn</strong></span> <span class='ocrx_word' id='word_1_20' title='bbox 695 349 737 395; x_wconf 90' lang='lat' dir='ltr'><strong>pro</strong></span> 
     </span>
     <span class='ocr_line' id='line_1_4' title="bbox 70 397 735 460; baseline -0.002 -15"><span class='ocrx_word' id='word_1_21' title='bbox 70 398 218 445; x_wconf 85' lang='lat' dir='ltr'><strong>munimentis</strong></span> <span class='ocrx_word' id='word_1_22' title='bbox 228 397 314 445; x_wconf 74' lang='lat' dir='ltr'><strong>castelli</strong></span> <span class='ocrx_word' id='word_1_23' title='bbox 328 399 454 460; x_wconf 89' lang='lat' dir='ltr'><strong>manipulos</strong></span> <span class='ocrx_word' id='word_1_24' title='bbox 471 399 573 460; x_wconf 83' lang='lat' dir='ltr'><strong>explicat,</strong></span> <span class='ocrx_word' id='word_1_25' title='bbox 592 399 650 445; x_wconf 91' lang='lat' dir='ltr'><strong>colle</strong></span> <span class='ocrx_word' id='word_1_26' title='bbox 666 398 735 444; x_wconf 91' lang='lat' dir='ltr'><strong>arduo</strong></span> 
     </span>
     <span class='ocr_line' id='line_1_5' title="bbox 69 461 737 526; baseline -0.003 -14"><span class='ocrx_word' id='word_1_27' title='bbox 69 470 95 513; x_wconf 79' lang='lat' dir='ltr'><strong>‚et</strong></span> <span class='ocrx_word' id='word_1_28' title='bbox 113 463 209 525; x_wconf 84' lang='lat' dir='ltr'><strong>derupta</strong></span> <span class='ocrx_word' id='word_1_29' title='bbox 215 479 224 520; x_wconf 69' lang='grc' dir='ltr'><strong>ς</strong></span> <span class='ocrx_word' id='word_1_30' title='bbox 242 477 294 509; x_wconf 87' lang='lat' dir='ltr'><strong>nam</strong></span> <span class='ocrx_word' id='word_1_31' title='bbox 312 469 396 510; x_wconf 85' lang='lat' dir='ltr'><strong>caetera</strong></span> <span class='ocrx_word' id='word_1_32' title='bbox 413 463 469 510; x_wconf 89' lang='lat' dir='ltr'><strong>mari</strong></span> <span class='ocrx_word' id='word_1_33' title='bbox 486 465 615 526; x_wconf 88' lang='lat' dir='ltr'><strong>cinguntur.</strong></span> <span class='ocrx_word' id='word_1_34' title='bbox 649 461 737 511; x_wconf 78' lang='lat' dir='ltr'><strong>Contra</strong></span> 
     </span>
     <span class='ocr_line' id='line_1_6' title="bbox 71 527 735 581; baseline -0.002 -6"><span class='ocrx_word' id='word_1_35' title='bbox 71 528 182 581; x_wconf 80' lang='lat' dir='ltr'><strong>ueterani,</strong></span> <span class='ocrx_word' id='word_1_36' title='bbox 200 527 314 575; x_wconf 86' lang='lat' dir='ltr'><strong>ordinibus</strong></span> <span class='ocrx_word' id='word_1_37' title='bbox 325 543 351 574; x_wconf 88' lang='lat' dir='ltr'><strong>ac</strong></span> <span class='ocrx_word' id='word_1_38' title='bbox 362 528 465 575; x_wconf 91' lang='lat' dir='ltr'><strong>subsidiis</strong></span> <span class='ocrx_word' id='word_1_39' title='bbox 475 529 593 575; x_wconf 78' lang='lat' dir='ltr'><strong>instructi:</strong></span> <span class='ocrx_word' id='word_1_40' title='bbox 612 529 665 575; x_wconf 89' lang='lat' dir='ltr'><strong>hinc</strong></span> <span class='ocrx_word' id='word_1_41' title='bbox 676 528 735 575; x_wconf 88' lang='lat' dir='ltr'><strong>mili-</strong></span> 
     </span>
     <span class='ocr_line' id='line_1_7' title="bbox 72 593 735 655; baseline 0 -16"><span class='ocrx_word' id='word_1_42' title='bbox 72 599 127 648; x_wconf 86' lang='lat' dir='ltr'><strong>tum,</strong></span> <span class='ocrx_word' id='word_1_43' title='bbox 139 593 193 639; x_wconf 88' lang='lat' dir='ltr'><strong>inde</strong></span> <span class='ocrx_word' id='word_1_44' title='bbox 203 593 304 645; x_wconf 84' lang='lat' dir='ltr'><strong>locorum</strong></span> <span class='ocrx_word' id='word_1_45' title='bbox 316 594 436 655; x_wconf 76' lang='lat' dir='ltr'><strong>asperitas:</strong></span> <span class='ocrx_word' id='word_1_46' title='bbox 456 594 495 641; x_wconf 89' lang='lat' dir='ltr'><strong>sed</strong></span> <span class='ocrx_word' id='word_1_47' title='bbox 513 609 559 640; x_wconf 92' lang='lat' dir='ltr'><strong>non</strong></span> <span class='ocrx_word' id='word_1_48' title='bbox 576 594 671 648; x_wconf 85' lang='lat' dir='ltr'><strong>animus,</strong></span> <span class='ocrx_word' id='word_1_49' title='bbox 688 608 735 639; x_wconf 92' lang='lat' dir='ltr'><strong>non</strong></span> 
     </span>
     <span class='ocr_line' id='line_1_8' title="bbox 71 657 734 719; baseline -0.002 -15"><span class='ocrx_word' id='word_1_50' title='bbox 71 672 130 719; x_wconf 83' lang='lat' dir='ltr'><strong>spes,</strong></span> <span class='ocrx_word' id='word_1_51' title='bbox 142 673 172 704; x_wconf 89' lang='lat' dir='ltr'><strong>ne</strong></span> <span class='ocrx_word' id='word_1_52' title='bbox 183 657 229 704; x_wconf 85' lang='lat' dir='ltr'><strong>tela</strong></span> <span class='ocrx_word' id='word_1_53' title='bbox 238 658 335 717; x_wconf 80' lang='lat' dir='ltr'><strong>quidem,</strong></span> <span class='ocrx_word' id='word_1_54' title='bbox 347 658 389 703; x_wconf 90' lang='lat' dir='ltr'><strong>nisi</strong></span> <span class='ocrx_word' id='word_1_55' title='bbox 401 659 505 719; x_wconf 84' lang='lat' dir='ltr'><strong>agrestia,</strong></span> <span class='ocrx_word' id='word_1_56' title='bbox 520 659 549 704; x_wconf 88' lang='lat' dir='ltr'><strong>ad</strong></span> <span class='ocrx_word' id='word_1_57' title='bbox 559 659 656 704; x_wconf 89' lang='lat' dir='ltr'><strong>subitum</strong></span> <span class='ocrx_word' id='word_1_58' title='bbox 668 673 734 705; x_wconf 88' lang='lat' dir='ltr'><strong>usum</strong></span> 
     </span>
     <span class='ocr_line' id='line_1_9' title="bbox 71 719 735 785; baseline 0 -16"><span class='ocrx_word' id='word_1_59' title='bbox 71 730 197 785; x_wconf 84' lang='lat' dir='ltr'><strong>properata.</strong></span> <span class='ocrx_word' id='word_1_60' title='bbox 232 721 266 769; x_wconf 91' lang='lat' dir='ltr'><strong>Ut</strong></span> <span class='ocrx_word' id='word_1_61' title='bbox 278 719 361 769; x_wconf 69' lang='lat' dir='ltr'><strong>venere</strong></span> <span class='ocrx_word' id='word_1_62' title='bbox 371 722 394 767; x_wconf 90' lang='lat' dir='ltr'><strong>in</strong></span> <span class='ocrx_word' id='word_1_63' title='bbox 406 737 492 778; x_wconf 88' lang='lat' dir='ltr'><strong>manus,</strong></span> <span class='ocrx_word' id='word_1_64' title='bbox 512 738 558 769; x_wconf 91' lang='lat' dir='ltr'><strong>non</strong></span> <span class='ocrx_word' id='word_1_65' title='bbox 576 724 634 769; x_wconf 87' lang='lat' dir='ltr'><strong>ultra</strong></span> <span class='ocrx_word' id='word_1_66' title='bbox 648 724 735 769; x_wconf 92' lang='lat' dir='ltr'><strong>dubita·</strong></span> 
     </span>
     <span class='ocr_line' id='line_1_10' title="bbox 72 786 733 848; baseline -0.003 -13"><span class='ocrx_word' id='word_1_67' title='bbox 72 796 128 842; x_wconf 87' lang='lat' dir='ltr'><strong>tum,</strong></span> <span class='ocrx_word' id='word_1_68' title='bbox 139 802 207 848; x_wconf 87' lang='lat' dir='ltr'><strong>quam</strong></span> <span class='ocrx_word' id='word_1_69' title='bbox 219 787 272 833; x_wconf 86' lang='lat' dir='ltr'><strong>dum</strong></span> <span class='ocrx_word' id='word_1_70' title='bbox 284 786 397 834; x_wconf 87' lang='lat' dir='ltr'><strong>Romanae</strong></span> <span class='ocrx_word' id='word_1_71' title='bbox 408 789 511 835; x_wconf 80' lang='lat' dir='ltr'><strong>cohortes</strong></span> <span class='ocrx_word' id='word_1_72' title='bbox 527 789 550 834; x_wconf 92' lang='lat' dir='ltr'><strong>in</strong></span> <span class='ocrx_word' id='word_1_73' title='bbox 562 803 650 848; x_wconf 86' lang='lat' dir='ltr'><strong>aequum</strong></span> <span class='ocrx_word' id='word_1_74' title='bbox 662 789 733 833; x_wconf 89' lang='lat' dir='ltr'><strong>enite-</strong></span> 
     </span>
     <span class='ocr_line' id='line_1_11' title="bbox 71 850 734 914; baseline 0 -16"><span class='ocrx_word' id='word_1_75' title='bbox 71 860 164 899; x_wconf 82' lang='lat' dir='ltr'><strong>rentur:</strong></span> <span class='ocrx_word' id='word_1_76' title='bbox 183 859 277 899; x_wconf 78' lang='lat' dir='ltr'><strong>rertunt</strong></span> <span class='ocrx_word' id='word_1_77' title='bbox 295 858 360 914; x_wconf 84' lang='lat' dir='ltr'><strong>terga</strong></span> <span class='ocrx_word' id='word_1_78' title='bbox 377 850 465 909; x_wconf 88' lang='lat' dir='ltr'><strong>Cilices,</strong></span> <span class='ocrx_word' id='word_1_79' title='bbox 486 868 554 914; x_wconf 88' lang='lat' dir='ltr'><strong>seque</strong></span> <span class='ocrx_word' id='word_1_80' title='bbox 570 853 662 901; x_wconf 88' lang='lat' dir='ltr'><strong>castello</strong></span> <span class='ocrx_word' id='word_1_81' title='bbox 673 853 734 899; x_wconf 89' lang='lat' dir='ltr'><strong>clau-</strong></span> 
     </span>
     <span class='ocr_line' id='line_1_12' title="bbox 71 916 134 964; baseline 0.016 -1"><span class='ocrx_word' id='word_1_82' title='bbox 71 916 134 964; x_wconf 90' lang='lat' dir='ltr'><strong>dunt.</strong></span> 
     </span>
    </p>

    <p class='ocr_par' dir='ltr' id='par_1_3' title="bbox 68 978 736 1499">
     <span class='ocr_line' id='line_1_13' title="bbox 102 978 734 1045; baseline 0 -17"><span class='ocrx_word' id='word_1_83' title='bbox 102 979 227 1031; x_wconf 85' lang='lat' dir='ltr'>LXXXI.</span> <span class='ocrx_word' id='word_1_84' title='bbox 243 978 339 1028; x_wconf 82' lang='lat' dir='ltr'><strong>Interim</strong></span> <span class='ocrx_word' id='word_1_85' title='bbox 352 981 406 1029; x_wconf 89' lang='lat' dir='ltr'><strong>Piso</strong></span> <span class='ocrx_word' id='word_1_86' title='bbox 417 983 517 1038; x_wconf 83' lang='lat' dir='ltr'><strong>classem,</strong></span> <span class='ocrx_word' id='word_1_87' title='bbox 535 983 593 1030; x_wconf 90' lang='lat' dir='ltr'><strong>haud</strong></span> <span class='ocrx_word' id='word_1_88' title='bbox 604 982 683 1045; x_wconf 90' lang='lat' dir='ltr'><strong>procul</strong></span> <span class='ocrx_word' id='word_1_89' title='bbox 693 997 734 1044; x_wconf 90' lang='lat' dir='ltr'><strong>op·</strong></span> 
     </span>
     <span class='ocr_line' id='line_1_14' title="bbox 70 1046 734 1109; baseline 0 -17"><span class='ocrx_word' id='word_1_90' title='bbox 70 1046 202 1108; x_wconf 69' lang='lat' dir='ltr'><strong>pensatus,</strong></span> <span class='ocrx_word' id='word_1_91' title='bbox 224 1047 354 1108; x_wconf 81' lang='lat' dir='ltr'><strong>adpugnare</strong></span> <span class='ocrx_word' id='word_1_92' title='bbox 374 1047 458 1094; x_wconf 86' lang='lat' dir='ltr'><strong>frustra</strong></span> <span class='ocrx_word' id='word_1_93' title='bbox 476 1050 587 1094; x_wconf 83' lang='lat' dir='ltr'><strong>tentavit:</strong></span> <span class='ocrx_word' id='word_1_94' title='bbox 607 1062 734 1109; x_wconf 86' lang='lat' dir='ltr'><strong>regressus·</strong></span> 
     </span>
     <span class='ocr_line' id='line_1_15' title="bbox 70 1111 733 1173; baseline 0 -16"><span class='ocrx_word' id='word_1_95' title='bbox 70 1125 120 1172; x_wconf 81' lang='lat' dir='ltr'><strong>que,</strong></span> <span class='ocrx_word' id='word_1_96' title='bbox 129 1118 154 1159; x_wconf 87' lang='lat' dir='ltr'><strong>et</strong></span> <span class='ocrx_word' id='word_1_97' title='bbox 164 1126 206 1173; x_wconf 86' lang='lat' dir='ltr'><strong>pro</strong></span> <span class='ocrx_word' id='word_1_98' title='bbox 213 1111 290 1164; x_wconf 87' lang='lat' dir='ltr'><strong>muris,</strong></span> <span class='ocrx_word' id='word_1_99' title='bbox 299 1112 367 1158; x_wconf 89' lang='lat' dir='ltr'><strong>modo</strong></span> <span class='ocrx_word' id='word_1_100' title='bbox 379 1122 451 1159; x_wconf 87' lang='lat' dir='ltr'><strong>semet</strong></span> <span class='ocrx_word' id='word_1_101' title='bbox 462 1112 595 1167; x_wconf 87' lang='lat' dir='ltr'><strong>afflictando,</strong></span> <span class='ocrx_word' id='word_1_102' title='bbox 607 1113 674 1158; x_wconf 91' lang='lat' dir='ltr'><strong>modo</strong></span> <span class='ocrx_word' id='word_1_103' title='bbox 687 1113 733 1158; x_wconf 90' lang='lat' dir='ltr'><strong>sin-</strong></span> 
     </span>
     <span class='ocr_line' id='line_1_16' title="bbox 68 1176 734 1238; baseline -0.002 -16"><span class='ocrx_word' id='word_1_104' title='bbox 68 1176 137 1238; x_wconf 85' lang='lat' dir='ltr'><strong>gulos</strong></span> <span class='ocrx_word' id='word_1_105' title='bbox 158 1176 251 1223; x_wconf 89' lang='lat' dir='ltr'><strong>nomine</strong></span> <span class='ocrx_word' id='word_1_106' title='bbox 273 1176 343 1233; x_wconf 91' lang='lat' dir='ltr'><strong>ciens,</strong></span> <span class='ocrx_word' id='word_1_107' title='bbox 370 1177 467 1238; x_wconf 82' lang='lat' dir='ltr'><strong>praemiis</strong></span> <span class='ocrx_word' id='word_1_108' title='bbox 489 1193 580 1232; x_wconf 86' lang='lat' dir='ltr'><strong>vocans,</strong></span> <span class='ocrx_word' id='word_1_109' title='bbox 602 1177 734 1223; x_wconf 86' lang='lat' dir='ltr'><strong>seditionem</strong></span> 
     </span>
     <span class='ocr_line' id='line_1_17' title="bbox 69 1241 735 1304; baseline -0.002 -16"><span class='ocrx_word' id='word_1_110' title='bbox 69 1241 198 1303; x_wconf 81' lang='lat' dir='ltr'><strong>coeptabat;</strong></span> <span class='ocrx_word' id='word_1_111' title='bbox 215 1241 316 1300; x_wconf 83' lang='lat' dir='ltr'><strong>adeoque</strong></span> <span class='ocrx_word' id='word_1_112' title='bbox 327 1249 486 1297; x_wconf 80' lang='lat' dir='ltr'><strong>commoverat</strong></span> <span class='ocrx_word' id='word_1_113' title='bbox 498 1251 524 1288; x_wconf 91' lang='lat' dir='ltr'><strong>ut</strong></span> <span class='ocrx_word' id='word_1_114' title='bbox 535 1241 628 1304; x_wconf 79' lang='lat' dir='ltr'><strong>signifer</strong></span> <span class='ocrx_word' id='word_1_115' title='bbox 638 1241 735 1302; x_wconf 77' lang='lat' dir='ltr'><strong>legionis</strong></span> 
     </span>
     <span class='ocr_line' id='line_1_18' title="bbox 69 1305 736 1367; baseline -0.003 -14"><span class='ocrx_word' id='word_1_116' title='bbox 69 1314 140 1353; x_wconf 75' lang='lat' dir='ltr'><strong>sexte</strong></span> <span class='ocrx_word' id='word_1_117' title='bbox 157 1306 249 1367; x_wconf 88' lang='lat' dir='ltr'><strong>signum</strong></span> <span class='ocrx_word' id='word_1_118' title='bbox 262 1305 290 1352; x_wconf 85' lang='lat' dir='ltr'><strong>ad</strong></span> <span class='ocrx_word' id='word_1_119' title='bbox 309 1321 361 1352; x_wconf 91' lang='lat' dir='ltr'><strong>eum</strong></span> <span class='ocrx_word' id='word_1_120' title='bbox 379 1308 525 1354; x_wconf 86' lang='lat' dir='ltr'><strong>transtulerit.</strong></span> <span class='ocrx_word' id='word_1_121' title='bbox 562 1306 623 1353; x_wconf 84' lang='lat' dir='ltr'><strong>Turn</strong></span> <span class='ocrx_word' id='word_1_122' title='bbox 644 1306 736 1352; x_wconf 89' lang='lat' dir='ltr'><strong>Sentius</strong></span> 
     </span>
     <span class='ocr_line' id='line_1_19' title="bbox 69 1371 735 1435; baseline -0.003 -18"><span class='ocrx_word' id='word_1_123' title='bbox 69 1385 178 1421; x_wconf 76' lang='lat' dir='ltr'><strong>oomnere</strong></span> <span class='ocrx_word' id='word_1_124' title='bbox 196 1385 281 1417; x_wconf 90' lang='lat' dir='ltr'><strong>cornua</strong></span> <span class='ocrx_word' id='word_1_125' title='bbox 299 1371 414 1432; x_wconf 87' lang='lat' dir='ltr'><strong>tubasque,</strong></span> <span class='ocrx_word' id='word_1_126' title='bbox 434 1380 457 1419; x_wconf 91' lang='lat' dir='ltr'><strong>et</strong></span> <span class='ocrx_word' id='word_1_127' title='bbox 476 1372 522 1434; x_wconf 88' lang='lat' dir='ltr'><strong>peti</strong></span> <span class='ocrx_word' id='word_1_128' title='bbox 541 1388 655 1435; x_wconf 85' lang='lat' dir='ltr'><strong>aggerem,</strong></span> <span class='ocrx_word' id='word_1_129' title='bbox 678 1371 735 1432; x_wconf 89' lang='lat' dir='ltr'><strong>erigi</strong></span> 
     </span>
     <span class='ocr_line' id='line_1_20' title="bbox 68 1435 734 1499; baseline -0.002 -18"><span class='ocrx_word' id='word_1_130' title='bbox 68 1435 140 1482; x_wconf 81' lang='lat' dir='ltr'><strong>scalas</strong></span> <span class='ocrx_word' id='word_1_131' title='bbox 152 1435 229 1499; x_wconf 79' lang='lat' dir='ltr'><strong>jussit,</strong></span> <span class='ocrx_word' id='word_1_132' title='bbox 246 1451 273 1482; x_wconf 92' lang='lat' dir='ltr'><strong>ac</strong></span> <span class='ocrx_word' id='word_1_133' title='bbox 283 1437 460 1496; x_wconf 79' lang='lat' dir='ltr'><strong>promtissimam</strong></span> <span class='ocrx_word' id='word_1_134' title='bbox 477 1453 587 1499; x_wconf 88' lang='lat' dir='ltr'><strong>quemque</strong></span> <span class='ocrx_word' id='word_1_135' title='bbox 599 1436 734 1493; x_wconf 88' lang='lat' dir='ltr'><strong>succedere;</strong></span> 
     </span>
    </p>

    <p class='ocr_par' dir='ltr' id='par_1_4' title="bbox 47 1499 734 1693">
     <span class='ocr_line' id='line_1_21' title="bbox 47 1499 734 1564; baseline -0.001 -17"><span class='ocrx_word' id='word_1_136' title='bbox 47 1512 51 1517; x_wconf 87' lang='lat'>&#39;</span> <span class='ocrx_word' id='word_1_137' title='bbox 68 1500 124 1548; x_wconf 90' lang='lat' dir='ltr'><strong>alios</strong></span> <span class='ocrx_word' id='word_1_138' title='bbox 135 1501 254 1547; x_wconf 89' lang='lat' dir='ltr'><strong>tormentis</strong></span> <span class='ocrx_word' id='word_1_139' title='bbox 265 1501 347 1555; x_wconf 86' lang='lat' dir='ltr'><strong>hastas,</strong></span> <span class='ocrx_word' id='word_1_140' title='bbox 360 1516 420 1558; x_wconf 85' lang='lat' dir='ltr'><strong>saxa,</strong></span> <span class='ocrx_word' id='word_1_141' title='bbox 433 1509 456 1548; x_wconf 94' lang='lat' dir='ltr'><strong>et</strong></span> <span class='ocrx_word' id='word_1_142' title='bbox 467 1502 526 1549; x_wconf 86' lang='lat' dir='ltr'><strong>faces</strong></span> <span class='ocrx_word' id='word_1_143' title='bbox 537 1503 649 1564; x_wconf 85' lang='lat' dir='ltr'><strong>ingerere.</strong></span> <span class='ocrx_word' id='word_1_144' title='bbox 670 1499 734 1546; x_wconf 91' lang='lat' dir='ltr'><strong>Tan·</strong></span> 
     </span>
     <span class='ocr_line' id='line_1_22' title="bbox 68 1562 733 1627; baseline -0.005 -14"><span class='ocrx_word' id='word_1_145' title='bbox 68 1565 119 1613; x_wconf 87' lang='lat' dir='ltr'><strong>dem</strong></span> <span class='ocrx_word' id='word_1_146' title='bbox 130 1562 193 1612; x_wconf 76' lang='lat' dir='ltr'><strong>victi</strong></span> <span class='ocrx_word' id='word_1_147' title='bbox 202 1564 325 1627; x_wconf 79' lang='lat' dir='ltr'><strong>pertinacii</strong></span> <span class='ocrx_word' id='word_1_148' title='bbox 340 1564 395 1612; x_wconf 89' lang='lat' dir='ltr'><strong>Piso</strong></span> <span class='ocrx_word' id='word_1_149' title='bbox 414 1568 493 1621; x_wconf 86' lang='lat' dir='ltr'><strong>oravit,</strong></span> <span class='ocrx_word' id='word_1_150' title='bbox 512 1569 543 1614; x_wconf 91' lang='lat' dir='ltr'><strong>uti</strong></span> <span class='ocrx_word' id='word_1_151' title='bbox 564 1567 649 1613; x_wconf 86' lang='lat' dir='ltr'><strong>traditis</strong></span> <span class='ocrx_word' id='word_1_152' title='bbox 665 1567 733 1611; x_wconf 90' lang='lat' dir='ltr'><strong>arrnis</strong></span> 
     </span>
     <span class='ocr_line' id='line_1_23' title="bbox 68 1630 733 1693; baseline -0.003 -16"><span class='ocrx_word' id='word_1_153' title='bbox 68 1635 170 1678; x_wconf 83' lang='lat' dir='ltr'><strong>maneret</strong></span> <span class='ocrx_word' id='word_1_154' title='bbox 181 1631 205 1676; x_wconf 93' lang='lat' dir='ltr'><strong>in</strong></span> <span class='ocrx_word' id='word_1_155' title='bbox 216 1630 315 1685; x_wconf 87' lang='lat' dir='ltr'><strong>castello,</strong></span> <span class='ocrx_word' id='word_1_156' title='bbox 327 1631 380 1676; x_wconf 91' lang='lat' dir='ltr'><strong>dum</strong></span> <span class='ocrx_word' id='word_1_157' title='bbox 393 1630 477 1686; x_wconf 85' lang='lat' dir='ltr'><strong>Caesar,</strong></span> <span class='ocrx_word' id='word_1_158' title='bbox 494 1633 530 1678; x_wconf 91' lang='lat' dir='ltr'><strong>cui</strong></span> <span class='ocrx_word' id='word_1_159' title='bbox 542 1631 629 1692; x_wconf 89' lang='lat' dir='ltr'><strong>Syriam</strong></span> <span class='ocrx_word' id='word_1_160' title='bbox 641 1631 733 1693; x_wconf 87' lang='lat' dir='ltr'><strong>permit·</strong></span> 
     </span>
    </p>

    <p class='ocr_par' dir='ltr' id='par_1_5' title="bbox 50 1695 734 1822">
     <span class='ocr_line' id='line_1_24' title="bbox 50 1695 734 1754; baseline -0.003 -12"><span class='ocrx_word' id='word_1_161' title='bbox 50 1696 138 1749; x_wconf 65' lang='lat' dir='ltr'><strong>teret,</strong></span> <span class='ocrx_word' id='word_1_162' title='bbox 155 1695 287 1742; x_wconf 89' lang='lat' dir='ltr'><strong>consulitur.</strong></span> <span class='ocrx_word' id='word_1_163' title='bbox 321 1695 376 1742; x_wconf 91' lang='lat' dir='ltr'><strong>Non</strong></span> <span class='ocrx_word' id='word_1_164' title='bbox 400 1705 496 1754; x_wconf 84' lang='lat' dir='ltr'><strong>receptae</strong></span> <span class='ocrx_word' id='word_1_165' title='bbox 518 1697 671 1743; x_wconf 87' lang='lat' dir='ltr'><strong>conditiones:</strong></span> <span class='ocrx_word' id='word_1_166' title='bbox 693 1710 734 1741; x_wconf 90' lang='lat' dir='ltr'><strong>nec</strong></span> 
     </span>
     <span class='ocr_line' id='line_1_25' title="bbox 69 1760 734 1822; baseline -0.002 -15"><span class='ocrx_word' id='word_1_167' title='bbox 69 1760 135 1816; x_wconf 85' lang='lat' dir='ltr'><strong>aliud,</strong></span> <span class='ocrx_word' id='word_1_168' title='bbox 145 1775 290 1822; x_wconf 88' lang='lat' dir='ltr'><strong>quam-naves</strong></span> <span class='ocrx_word' id='word_1_169' title='bbox 301 1768 324 1808; x_wconf 88' lang='lat' dir='ltr'><strong>et</strong></span> <span class='ocrx_word' id='word_1_170' title='bbox 335 1768 409 1808; x_wconf 87' lang='lat' dir='ltr'><strong>tutum</strong></span> <span class='ocrx_word' id='word_1_171' title='bbox 418 1762 440 1807; x_wconf 93' lang='lat' dir='ltr'><strong>in</strong></span> <span class='ocrx_word' id='word_1_172' title='bbox 450 1761 536 1808; x_wconf 86' lang='lat' dir='ltr'><strong>Urbem</strong></span> <span class='ocrx_word' id='word_1_173' title='bbox 547 1762 590 1807; x_wconf 89' lang='lat' dir='ltr'><strong>iter</strong></span> <span class='ocrx_word' id='word_1_174' title='bbox 601 1775 734 1807; x_wconf 88' lang='lat' dir='ltr'><strong>concessum</strong></span> 
     </span>
    </p>

    <p class='ocr_par' dir='ltr' id='par_1_6' title="bbox 68 1889 745 2595">
     <span class='ocr_line' id='line_1_26' title="bbox 101 1889 734 1953; baseline -0.002 -17"><span class='ocrx_word' id='word_1_175' title='bbox 101 1889 240 1938; x_wconf 87' lang='lat' dir='ltr'>LXXXII.</span> <span class='ocrx_word' id='word_1_176' title='bbox 259 1891 291 1938; x_wconf 79' lang='lat' dir='ltr'><strong>At</strong></span> <span class='ocrx_word' id='word_1_177' title='bbox 301 1890 390 1947; x_wconf 87' lang='lat' dir='ltr'><strong>Romae,</strong></span> <span class='ocrx_word' id='word_1_178' title='bbox 402 1900 520 1953; x_wconf 86' lang='lat' dir='ltr'><strong>postquam</strong></span> <span class='ocrx_word' id='word_1_179' title='bbox 532 1891 662 1939; x_wconf 88' lang='lat' dir='ltr'><strong>Germanici</strong></span> <span class='ocrx_word' id='word_1_180' title='bbox 673 1890 734 1936; x_wconf 89' lang='lat' dir='ltr'><strong>vale·</strong></span> 
     </span>
     <span class='ocr_line' id='line_1_27' title="bbox 68 1956 737 2018; baseline -0.003 -16"><span class='ocrx_word' id='word_1_181' title='bbox 68 1956 124 2003; x_wconf 89' lang='lat' dir='ltr'><strong>tudo</strong></span> <span class='ocrx_word' id='word_1_182' title='bbox 137 1957 270 2018; x_wconf 83' lang='lat' dir='ltr'><strong>percrebuit,</strong></span> <span class='ocrx_word' id='word_1_183' title='bbox 290 1963 422 2018; x_wconf 68' lang='lat' dir='ltr'><strong>cunctaque,</strong></span> <span class='ocrx_word' id='word_1_184' title='bbox 441 1965 466 2003; x_wconf 93' lang='lat' dir='ltr'><strong>ut</strong></span> <span class='ocrx_word' id='word_1_185' title='bbox 483 1972 512 2003; x_wconf 85' lang='lat' dir='ltr'><strong>ex</strong></span> <span class='ocrx_word' id='word_1_186' title='bbox 527 1957 658 2018; x_wconf 85' lang='lat' dir='ltr'><strong>longinquo,</strong></span> <span class='ocrx_word' id='word_1_187' title='bbox 672 1962 737 2001; x_wconf 88' lang='lat' dir='ltr'><strong>aucta</strong></span> 
     </span>
     <span class='ocr_line' id='line_1_28' title="bbox 69 2020 736 2081; baseline -0.003 -14"><span class='ocrx_word' id='word_1_188' title='bbox 69 2020 93 2066; x_wconf 92' lang='lat' dir='ltr'><strong>in</strong></span> <span class='ocrx_word' id='word_1_189' title='bbox 104 2021 204 2068; x_wconf 91' lang='lat' dir='ltr'><strong>deterius</strong></span> <span class='ocrx_word' id='word_1_190' title='bbox 216 2021 371 2075; x_wconf 87' lang='lat' dir='ltr'><strong>afferebantur,</strong></span> <span class='ocrx_word' id='word_1_191' title='bbox 391 2022 461 2075; x_wconf 90' lang='lat' dir='ltr'><strong>dolor,</strong></span> <span class='ocrx_word' id='word_1_192' title='bbox 481 2023 527 2068; x_wconf 89' lang='lat' dir='ltr'><strong>ira:</strong></span> <span class='ocrx_word' id='word_1_193' title='bbox 547 2029 571 2068; x_wconf 89' lang='lat' dir='ltr'><strong>et</strong></span> <span class='ocrx_word' id='word_1_194' title='bbox 590 2021 736 2081; x_wconf 88' lang='lat' dir='ltr'><strong>erumpebant</strong></span> 
     </span>
     <span class='ocr_line' id='line_1_29' title="bbox 69 2084 735 2146; baseline -0.003 -14"><span class='ocrx_word' id='word_1_195' title='bbox 69 2093 177 2146; x_wconf 86' lang='lat' dir='ltr'><strong>questus:</strong></span> <span class='ocrx_word' id='word_1_196' title='bbox 198 2084 258 2132; x_wconf 72' lang='lat' dir='ltr'><strong>Ideo‘</strong></span> <span class='ocrx_word' id='word_1_197' title='bbox 273 2087 378 2133; x_wconf 89' lang='lat' dir='ltr'><strong>nimirum</strong></span> <span class='ocrx_word' id='word_1_198' title='bbox 396 2088 420 2132; x_wconf 93' lang='lat' dir='ltr'><strong>in</strong></span> <span class='ocrx_word' id='word_1_199' title='bbox 437 2095 548 2133; x_wconf 88' lang='lat' dir='ltr'><strong>extremas</strong></span> <span class='ocrx_word' id='word_1_200' title='bbox 565 2094 636 2132; x_wconf 88' lang='lat' dir='ltr'><strong>terras</strong></span> <span class='ocrx_word' id='word_1_201' title='bbox 648 2085 735 2146; x_wconf 86' lang='lat' dir='ltr'><strong>relega-</strong></span> 
     </span>
     <span class='ocr_line' id='line_1_30' title="bbox 69 2150 736 2213; baseline 0 -17"><span class='ocrx_word' id='word_1_202' title='bbox 69 2156 132 2197; x_wconf 82' lang='lat' dir='ltr'><strong>tum:</strong></span> <span class='ocrx_word' id='word_1_203' title='bbox 146 2150 198 2198; x_wconf 90' lang='lat' dir='ltr'><strong>ideo</strong></span> <span class='ocrx_word' id='word_1_204' title='bbox 210 2151 289 2198; x_wconf 87' lang='lat' dir='ltr'><strong>Pisoni</strong></span> <span class='ocrx_word' id='word_1_205' title='bbox 300 2153 431 2213; x_wconf 88' lang='lat' dir='ltr'><strong>permissam</strong></span> <span class='ocrx_word' id='word_1_206' title='bbox 443 2152 595 2213; x_wconf 81' lang='lat' dir='ltr'><strong>provinciam:</strong></span> <span class='ocrx_word' id='word_1_207' title='bbox 610 2151 654 2196; x_wconf 90' lang='lat' dir='ltr'><strong>boc</strong></span> <span class='ocrx_word' id='word_1_208' title='bbox 662 2151 736 2211; x_wconf 84' lang='lat' dir='ltr'><strong>egisse</strong></span> 
     </span>
     <span class='ocr_line' id='line_1_31' title="bbox 69 2215 736 2278; baseline -0.003 -15"><span class='ocrx_word' id='word_1_209' title='bbox 69 2223 168 2263; x_wconf 85' lang='lat' dir='ltr'><strong>secretos</strong></span> <span class='ocrx_word' id='word_1_210' title='bbox 191 2217 306 2278; x_wconf 73' lang='lat' dir='ltr'><strong>Augustae</strong></span> <span class='ocrx_word' id='word_1_211' title='bbox 324 2231 376 2262; x_wconf 93' lang='lat' dir='ltr'><strong>cum</strong></span> <span class='ocrx_word' id='word_1_212' title='bbox 397 2215 506 2263; x_wconf 73' lang='lat' dir='ltr'><strong>Plancina</strong></span> <span class='ocrx_word' id='word_1_213' title='bbox 527 2231 656 2262; x_wconf 79' lang='lat' dir='ltr'><strong>sermones:</strong></span> <span class='ocrx_word' id='word_1_214' title='bbox 682 2229 736 2261; x_wconf 84' lang='lat' dir='ltr'><strong>vera</strong></span> 
     </span>
     <span class='ocr_line' id='line_1_32' title="bbox 68 2280 734 2342; baseline -0.002 -16"><span class='ocrx_word' id='word_1_215' title='bbox 68 2294 162 2341; x_wconf 87' lang='lat' dir='ltr'><strong>prorsus</strong></span> <span class='ocrx_word' id='word_1_216' title='bbox 180 2280 208 2328; x_wconf 91' lang='lat' dir='ltr'><strong>de</strong></span> <span class='ocrx_word' id='word_1_217' title='bbox 229 2280 308 2328; x_wconf 88' lang='lat' dir='ltr'><strong>Druso</strong></span> <span class='ocrx_word' id='word_1_218' title='bbox 320 2282 419 2328; x_wconf 87' lang='lat' dir='ltr'><strong>seniores</strong></span> <span class='ocrx_word' id='word_1_219' title='bbox 430 2281 530 2328; x_wconf 87' lang='lat' dir='ltr'><strong>locutos:</strong></span> <span class='ocrx_word' id='word_1_220' title='bbox 550 2280 666 2342; x_wconf 84' lang='lat' dir='ltr'><strong>displicere</strong></span> <span class='ocrx_word' id='word_1_221' title='bbox 682 2295 734 2340; x_wconf 89' lang='lat' dir='ltr'><strong>reg·</strong></span> 
     </span>
     <span class='ocr_line' id='line_1_33' title="bbox 69 2345 735 2409; baseline -0.002 -18"><span class='ocrx_word' id='word_1_222' title='bbox 69 2345 173 2392; x_wconf 88' lang='lat' dir='ltr'><strong>nantibus</strong></span> <span class='ocrx_word' id='word_1_223' title='bbox 184 2346 259 2393; x_wconf 88' lang='lat' dir='ltr'><strong>civilia</strong></span> <span class='ocrx_word' id='word_1_224' title='bbox 269 2345 365 2392; x_wconf 87' lang='lat' dir='ltr'><strong>filiorum</strong></span> <span class='ocrx_word' id='word_1_225' title='bbox 377 2346 482 2409; x_wconf 86' lang='lat' dir='ltr'><strong>ingenin;</strong></span> <span class='ocrx_word' id='word_1_226' title='bbox 500 2361 574 2406; x_wconf 88' lang='lat' dir='ltr'><strong>neque</strong></span> <span class='ocrx_word' id='word_1_227' title='bbox 584 2347 613 2391; x_wconf 94' lang='lat' dir='ltr'><strong>ob</strong></span> <span class='ocrx_word' id='word_1_228' title='bbox 624 2345 685 2392; x_wconf 91' lang='lat' dir='ltr'><strong>aliud</strong></span> <span class='ocrx_word' id='word_1_229' title='bbox 699 2345 735 2390; x_wconf 90' lang='lat' dir='ltr'><strong>in·</strong></span> 
     </span>
     <span class='ocr_line' id='line_1_34' title="bbox 69 2410 737 2472; baseline 0.001 -17"><span class='ocrx_word' id='word_1_230' title='bbox 69 2416 189 2472; x_wconf 87' lang='lat' dir='ltr'><strong>terceptos,</strong></span> <span class='ocrx_word' id='word_1_231' title='bbox 205 2426 272 2471; x_wconf 89' lang='lat' dir='ltr'><strong>quarn</strong></span> <span class='ocrx_word' id='word_1_232' title='bbox 287 2412 339 2471; x_wconf 89' lang='lat' dir='ltr'><strong>quia</strong></span> <span class='ocrx_word' id='word_1_233' title='bbox 350 2410 456 2472; x_wconf 92' lang='lat' dir='ltr'><strong>populum</strong></span> <span class='ocrx_word' id='word_1_234' title='bbox 469 2410 599 2457; x_wconf 89' lang='lat' dir='ltr'><strong>Romanum</strong></span> <span class='ocrx_word' id='word_1_235' title='bbox 611 2425 676 2470; x_wconf 85' lang='lat' dir='ltr'><strong>aequo</strong></span> <span class='ocrx_word' id='word_1_236' title='bbox 683 2425 737 2471; x_wconf 82' lang='lat' dir='ltr'><strong>Jure</strong></span> 
     </span>
     <span class='ocr_line' id='line_1_35' title="bbox 70 2473 736 2537; baseline -0.005 -16"><span class='ocrx_word' id='word_1_237' title='bbox 70 2475 197 2537; x_wconf 79' lang='lat' dir='ltr'><strong>complecti,</strong></span> <span class='ocrx_word' id='word_1_238' title='bbox 217 2475 303 2522; x_wconf 76' lang='lat' dir='ltr'><strong>redditi</strong></span> <span class='ocrx_word' id='word_1_239' title='bbox 313 2476 421 2530; x_wconf 84' lang='lat' dir='ltr'><strong>libertate,</strong></span> <span class='ocrx_word' id='word_1_240' title='bbox 433 2476 574 2537; x_wconf 83' lang='lat' dir='ltr'><strong>agitaverint.</strong></span> <span class='ocrx_word' id='word_1_241' title='bbox 608 2475 661 2521; x_wconf 92' lang='lat' dir='ltr'><strong>Hos</strong></span> <span class='ocrx_word' id='word_1_242' title='bbox 672 2473 736 2534; x_wconf 86' lang='lat' dir='ltr'><strong>vulgi</strong></span> 
     </span>
     <span class='ocr_line' id='line_1_36' title="bbox 69 2540 745 2595; baseline -0.007 -9"><span class='ocrx_word' id='word_1_243' title='bbox 69 2555 187 2587; x_wconf 87' lang='lat' dir='ltr'><strong>sermones</strong></span> <span class='ocrx_word' id='word_1_244' title='bbox 198 2541 274 2587; x_wconf 89' lang='lat' dir='ltr'><strong>audita</strong></span> <span class='ocrx_word' id='word_1_245' title='bbox 285 2556 346 2588; x_wconf 88' lang='lat' dir='ltr'><strong>mors</strong></span> <span class='ocrx_word' id='word_1_246' title='bbox 355 2542 410 2588; x_wconf 90' lang='lat' dir='ltr'><strong>adeo</strong></span> <span class='ocrx_word' id='word_1_247' title='bbox 421 2540 529 2595; x_wconf 85' lang='lat' dir='ltr'><strong>incendit,</strong></span> <span class='ocrx_word' id='word_1_248' title='bbox 540 2549 568 2588; x_wconf 87' lang='lat' dir='ltr'><strong>ut</strong></span> <span class='ocrx_word' id='word_1_249' title='bbox 576 2547 632 2588; x_wconf 77' lang='lat' dir='ltr'><strong>aute</strong></span> <span class='ocrx_word' id='word_1_250' title='bbox 640 2540 745 2586; x_wconf 71' lang='lat' dir='ltr'><strong>edictum</strong></span> 
     </span>
    </p>

    <p class='ocr_par' dir='ltr' id='par_1_7' title="bbox 50 2596 762 2665">
     <span class='ocr_line' id='line_1_37' title="bbox 50 2596 762 2665; baseline -0.008 -14"><span class='ocrx_word' id='word_1_251' title='bbox 50 2596 245 2665; x_wconf 53' lang='lat' dir='ltr'><strong>hagritratuum,</strong></span> <span class='ocrx_word' id='word_1_252' title='bbox 266 2614 321 2656; x_wconf 89' lang='lat' dir='ltr'><strong>ante</strong></span> <span class='ocrx_word' id='word_1_253' title='bbox 330 2608 586 2665; x_wconf 81' lang='lat' dir='ltr'><strong>senatus-consultum,</strong></span> <span class='ocrx_word' id='word_1_254' title='bbox 600 2601 762 2663; x_wconf 53' lang='lat' dir='ltr'><strong>sumto&#39;pusix-</strong></span> 
     </span>
    </p>
   </div>
   <div class='ocr_carea' id='block_1_3' title="bbox 55 2664 785 2792">
    <p class='ocr_par' dir='ltr' id='par_1_8' title="bbox 55 2664 785 2792">
     <span class='ocr_line' id='line_1_38' title="bbox 55 2664 785 2776; baseline 0.033 -66"><span class='ocrx_word' id='word_1_255' title='bbox 55 2667 348 2776; x_wconf 41' lang='lat' dir='ltr'><strong>riopodesererenturfora,</strong></span> <span class='ocrx_word' id='word_1_256' title='bbox 367 2679 541 2731; x_wconf 87' lang='lat' dir='ltr'><strong>clauderentur</strong></span> <span class='ocrx_word' id='word_1_257' title='bbox 563 2676 673 2730; x_wconf 70' lang='lat' dir='ltr'><strong>domua&#39;s</strong></span> <span class='ocrx_word' id='word_1_258' title='bbox 685 2664 785 2730; x_wconf 49' lang='lat' dir='ltr'><strong>ium</strong></span> 
     </span>
     <span class='ocr_line' id='line_1_39' title="bbox 142 2747 580 2792; baseline 0.023 -10"><span class='ocrx_word' id='word_1_259' title='bbox 142 2747 161 2782; x_wconf 83' lang='lat'><strong>1.</strong></span> <span class='ocrx_word' id='word_1_260' title='bbox 564 2760 580 2792; x_wconf 79' lang='lat' dir='ltr'><strong>a</strong></span> 
     </span>
    </p>
   </div>
   <div class='ocr_carea' id='block_1_4' title="bbox 0 0 844 2910">
    <p class='ocr_par' dir='ltr' id='par_1_9' title="bbox 0 0 844 2910">
     <span class='ocr_line' id='line_1_40' title="bbox 0 0 844 2910; baseline 0 0"><span class='ocrx_word' id='word_1_261' title='bbox 0 0 844 2910; x_wconf 95' lang='lat' dir='ltr'><strong> </strong></span> 
     </span>
    </p>
   </div>
  </div>
 </body>
</html>
