1680 2910
55 149 154 188 J.C.3¹.‘.
206 147 399 196 ANNALIUM
415 149 641 199 Lrs.Vl.Car.19.
678 155 722 198 195

56 279 167 326 nautiusr
187 280 281 328 Illarino
295 283 410 344 participe,
429 281 524 346 sejam
538 280 644 330 Curtium
661 281 724 328 Atti-

56 359 109 391 cunr
120 354 275 408 oppresserat:
295 362 340 406 quo
350 347 425 393 laetius
435 355 559 410 acceptum,
570 363 611 394 sua
620 347 724 409 exempla
735 388 743 403 ,

56 410 81 456 iu
93 412 234 458 consultores
244 412 356 458 recidisse.
654 430 661 445 ·

93 473 216 524 Paridem
235 482 325 538 tempus
343 476 372 523 L
392 475 452 531 Piso,
473 476 581 538 pontifex,
601 488 676 524 raram
699 477 723 522 in

56 539 121 587 tanti
131 541 329 596 clantudIne'fato
340 543 394 589 obiit
398 559 406 599 ;
418 542 500 588 nullius
509 543 596 590 servilis
603 543 724 589 sententias

57 614 139 667 sponte
158 614 242 662 auctor,
262 615 292 661 et,
311 609 399 667 quoties
414 607 535 654 necessitas
549 608 671 669 ingrueret,
687 620 723 653 sa·

56 672 146 733 plenter
160 673 285 719 moderans.
319 671 409 718 Patrem
426 673 446 718 ei
458 672 583 718 censorium
594 672 665 719 fuisse
674 686 724 718 me·

57 737 162 783 moravi:
186 744 241 784 aetas
263 738 291 784 ad
310 738 473 799 octogesimum
496 752 580 784 anuum
598 737 722 799 processitr

58 801 128 847 decus
139 802 273 864 triumphale
284 804 307 848 in
317 801 414 848 'I'bracii
424 810 548 849 meruerat:
563 802 602 848 sed
612 803 726 864 praecipua

59 880 90 912 ex
100 881 128 912 eo
137 868 216 929 gloria,
228 869 287 929 quod
297 867 417 928 praelectus
426 867 495 914 Urbis
504 882 583 915 recens
593 867 723 914 continuam

59 939 202 991 potestatem,
225 941 249 978 et
266 932 386 979 insolentiis
405 933 498 994 parendi
514 933 647 995 graviorem,
667 932 725 978 mire

59 999 200 1057 temperavit.

63 1070 66 1074 ’
95 1060 143 1107 xl.
159 1062 264 1123 Namque
282 1069 354 1116 antea,
375 1061 480 1123 protectis
499 1063 566 1109 domo
583 1062 680 1124 regibus,
699 1075 726 1107 sc

61 1141 117 1172 mox
132 1128 306 1190 magistratibus,
324 1143 353 1172 ne
365 1126 427 1173 Urbs
443 1128 491 1173 sine
510 1127 603 1188 imperio
619 1127 684 1180 foret,
702 1126 726 1172 ln

62 1199 152 1253 tempus
163 1193 306 1254 deligebatur,
324 1193 362 1251 qui
371 1194 411 1253 jus
426 1192 534 1245 redderet,
551 1207 578 1237 ac
589 1192 666 1237 subitis
678 1205 726 1236 me·

62 1256 166 1303 deretur:
185 1258 305 1317 feruntque
314 1258 342 1302 ab
353 1255 453 1303 Romulo
464 1255 577 1302 Dentrem
584 1255 727 1312 Romulium,

62 1328 115 1384 post
122 1323 151 1368 ab
161 1321 229 1371 Tullo
242 1322 343 1371 Hostilio
352 1321 452 1367 Numam
464 1321 584 1375 Marcium,
597 1328 620 1367 et
628 1320 656 1366 ab
666 1318 726 1365 Tar·

63 1388 140 1446 quinio
153 1387 253 1448 Superbo
265 1386 370 1447 Spurium
383 1385 514 1434 Lucretium
525 1386 654 1447 impositos:
675 1384 728 1430 dein

63 1452 169 1501 consules
183 1453 329 1498 mandabant:
349 1453 458 1513 duratque
472 1451 623 1508 simulacrum,
641 1450 728 1510 quoties

63 1517 93 1564 ob
111 1516 178 1564 ferias
196 1516 290 1563 Latinas
306 1517 434 1579 practicitur,
454 1518 492 1578 qui
512 1517 628 1563 consulare
645 1517 728 1561 marrus

62 1590 163 1644 usurpet.
198 1580 312 1630 Caeterum
321 1578 728 1644 AugustusbelIIscivilibusCilnium

64 1645 226 1700 Maecenatem,
241 1648 349 1708 equestris
359 1648 450 1700 ordinis,
462 1648 549 1692 cunctis
560 1647 618 1709 apud
629 1646 728 1692 Romam

63 1718 131 1772 atque
148 1711 235 1758 Italiam
252 1713 379 1774 praeposuit
414 1710 481 1766 Mox,
499 1727 572 1758 reram
587 1712 679 1774 potitus,
699 1711 728 1757 ob

63 1777 242 1838 magnitudinem
254 1777 337 1838 populi,
349 1791 375 1823 ac
386 1777 448 1822 tarda
458 1777 535 1838 legum
547 1777 636 1832 auxilia,
648 1776 729 1822 sumsit

63 1857 77 1888 e
89 1842 248 1896 consularibus,
260 1843 297 1901 qui
309 1842 422 1887 coerceret
432 1843 528 1897 servitia,
540 1853 564 1888 et
574 1841 634 1902 quod
645 1842 728 1887 civium

64 1906 158 1953 arrdacib
169 1908 288 1961 turbidum,
300 1907 343 1952 nisi
352 1907 398 1952 vim
409 1913 506 1952 metuat:
525 1908 654 1968 primusque
662 1905 729 1952 Mes·

64 1972 112 2018 sala
124 1969 237 2018 Corrluus
250 1987 299 2017 earn
315 1978 456 2032 potestatem,
471 1979 494 2017 et
508 1986 592 2033 paucos
606 1973 665 2016 intra
681 1971 729 2016 dies

63 2034 139 2089 tinent,
155 2038 247 2098 accepit,
261 2038 324 2097 quasi
336 2037 425 2082 nescius
435 2036 562 2083 exercendi.
593 2035 654 2082 Tum
665 2033 728 2081 Tau·

63 2115 103 2147 rus
115 2101 222 2154 Statilius,
234 2117 368 2161 quamquam
379 2101 486 2162 provectis
498 2108 570 2157 aetate‚
587 2098 681 2163 egregie
692 2107 728 2146 to·

62 2165 151 2212 letavit.
185 2165 247 2212 Delu
266 2164 327 2220 Piso,
344 2167 425 2227 viginti
440 2182 481 2227 per
497 2181 568 2213 anuos
582 2166 665 2228 pariter
675 2179 729 2226 pro·

63 2232 135 2285 batus,
152 2232 240 2292 publico
257 2230 343 2286 funere,
361 2245 391 2277 ex
407 2231 498 2277 decreto
518 2232 615 2285 senatus,
631 2230 728 2276 celebra·

63 2302 151 2342 tuaest.

98 2359 159 2405 XII.
176 2359 282 2406 Relatum
300 2360 352 2406 inde
368 2361 396 2406 ad
410 2368 486 2421 patres
500 2360 673 2414 aQuintiliano,
690 2359 731 2405 tri·

63 2426 125 2472 buno
136 2425 214 2487 plebei,
226 2425 254 2471 de
265 2426 321 2471 libro
333 2425 435 2485 sibylla,
449 2424 639 2486 quem'Caninius
651 2423 732 2472 Gallus

65 2491 266 2551 quindecImvirtim
282 2491 350 2551 recipi
365 2491 424 2536 inter
438 2498 533 2537 caeteros
550 2491 648 2553 ejusdem
665 2489 731 2542 vatis,

65 2563 89 2602 et
97 2555 126 2602 eb
134 2558 162 2601 dc
173 2570 198 2601 re
206 2555 446 2609 senatus-consultum,
458 2556 626 2618 postulauerat·¹
644 2565 743 2618 assuas}

63 2621 222 2667 discessionem
236 2621 306 2680 facto,
324 2622 390 2670 misit
401 2621 485 2671 literas
500 2620 597 2674 Caesar,
610 2616 708 2662 mudxce
714 2619 763 2652 m·

54 2684 140 2731 barrum
157 2686 291 2751 lacrepans,
311 2689 426 2756 ignarum
439 2688 538 2753 antiqui
550 2683 633 2733 moira
645 2679 679 2726 ὼ
688 2674 785 2732 'blm‘
812 2724 819 2735 .
