1680 2910
75 152 96 190 J.
106 152 131 190 c.
142 147 174 191 96.
225 146 417 195 ANNALIUM
434 145 486 193 Lm.
496 146 540 194 IV.
553 145 613 197 Car·
622 151 660 197 55.
694 152 762 199 1571

74 295 102 328 ac
115 295 159 342 per
174 278 287 326 silentium
303 278 416 339 lacrymis,
434 293 490 325 max
502 278 609 326 iuvidiam
624 290 648 327 et
661 295 741 344 preces

72 345 175 392 orditur:
195 343 324 390 subveniret
340 343 460 398 solitudini,
479 344 542 390 daret
557 345 675 393 maritum:
698 347 739 394 ba·

71 410 141 457 bilem
152 409 348 469 adbncJuventam
360 409 407 463 sibi,
425 423 497 470 neque
508 409 567 456 aliud
577 411 658 472 probis,
669 426 737 472 quam

71 489 103 522 ex
112 474 262 528 matrimonio,
280 473 398 519 solatium:
417 488 467 520 esse
481 473 505 519 iu
519 474 610 522 civitate
623 477 661 506 *⁸
676 476 738 525 Ger·

70 539 155 586 manici
166 539 286 601 conjugem
295 553 321 584 ac
331 537 413 584 liberos
420 539 468 599 ejus
478 540 576 601 recipere
584 540 739 601 dignarentur.

71 605 119 652 Sed
132 601 218 657 Caesar,
229 602 385 664 nauigamus,
397 609 504 664 quantum
515 617 546 650 ex
553 605 637 665 republ.
646 612 735 667 petere·

69 676 123 726 tur3
141 683 170 714 ne
181 675 256 714 tamen
264 666 393 714 offensionis
401 674 440 714 aut
447 667 521 714 metis
529 668 660 716 manifestus
668 670 735 726 foret,

68 734 120 783 sine
138 747 252 794 responso,
272 747 405 792 quamquam
426 733 555 787 instantem,
578 733 674 794 reliquit.
706 733 735 781 ld

67 812 121 860 ego,
138 813 152 844 a
166 797 310 858 scriptoribus
320 797 432 843 annalium
444 813 489 844 non
500 798 613 854 traditum,
628 801 699 861 reperi
710 801 734 846 in

68 862 236 910 commentariis
251 862 391 923 Agrippinae,
408 861 475 918 liliae3
493 877 545 922 quae
561 862 662 910 Neronis
672 865 733 925 prin-

66 929 123 990 cipis
140 933 219 982 muter,
239 927 307 974 vitam
326 941 389 974 suam
407 933 430 974 et
447 941 512 975 casus
529 943 620 974 suorum
638 929 735 991 posteris

63 992 207 1041 memoravit
519 1026 521 1031 f

98 1056 167 1104 LlV.
180 1055 295 1104 Caeterum
308 1056 402 1118 Sqianm
412 1063 545 1103 moerentem
554 1063 576 1103 et
584 1058 731 1119 improvidam

63 1122 132 1170 altius
146 1122 247 1184 perculit,
263 1122 375 1177 immissis,
392 1122 436 1182 qul,
452 1137 493 1183 per
507 1122 603 1183 speciem
619 1124 733 1178 amicitiae,

62 1194 189 1241 monerent,
200 1193 302 1248 paratum
313 1187 334 1234 ei
344 1201 463 1242 venenum,
477 1187 580 1233 vitandas
591 1189 662 1233 soceri
673 1203 729 1249 epu·
747 1195 749 1198 '

61 1253 105 1300 las.
136 1250 214 1312 Atque
224 1251 269 1304 illa,
285 1249 453 1297 simulationum
470 1251 554 1308 nescia,
569 1266 620 1297 cum
637 1259 728 1314 propter

62 1317 219 1370 discumberet,
231 1330 276 1362 non
288 1315 352 1361 vultu
363 1321 402 1365 aut
413 1330 517 1363 sermone
527 1315 594 1372 flecti,
605 1317 680 1364 nullos
691 1325 728 1377 at-

61 1383 152 1444 tingere
173 1381 250 1427 cibos:
275 1380 346 1427 donec
369 1380 464 1427 advertit
481 1379 592 1435 Tiberius,
613 1380 679 1436 forte,
696 1397 726 1429 an

59 1448 113 1509 quia
123 1446 253 1493 audiverat:
273 1445 340 1505 idque
350 1460 395 1506 quo
405 1446 478 1493 acrius
490 1445 635 1507 experiretur,
651 1461 724 1508 poma,

57 1519 86 1559 ut
96 1517 161 1558 erant
170 1510 277 1572 apposita,
294 1510 394 1564 laudans,
411 1511 477 1556 nurui
493 1508 534 1557 aui
547 1526 615 1557 manu
629 1512 729 1558 tradidit.

57 1576 138 1625 Aucta
146 1589 177 1622 ex
186 1590 214 1622 eo
226 1574 322 1636 suspicio
334 1575 474 1636 Agrippinae,
483 1581 512 1631 et,
523 1576 608 1622 intucta
618 1591 664 1631 ore,
676 1591 725 1623 ser·

56 1643 93 1689 ris
104 1640 243 1688 transmisit:
263 1654 305 1686 nec
313 1647 388 1686 tamen
396 1639 479 1686 Tiberii
490 1655 536 1686 vox
546 1655 621 1687 coram
633 1648 723 1698 secuta3

57 1706 99 1754 sed
109 1707 217 1752 obversus
228 1705 257 1750 ad
267 1712 370 1759 matrem,
385 1720 431 1750 non
442 1706 531 1759 mirum,
543 1706 580 1762 ait,
592 1706 610 1752 si
622 1706 674 1766 quid
686 1721 722 1752 ee·

56 1771 133 1818 serius
150 1771 173 1816 in
184 1784 233 1817 earn
248 1770 369 1825 statuisset,
387 1768 454 1829 aqui
464 1768 567 1831 veneficii
580 1771 721 1818 insimulare·

55 1842 101 1883 tur.
135 1832 193 1881 Inde
204 1848 288 1887 rumor,
298 1835 371 1895 parari
382 1835 490 1891 exitium3
508 1849 580 1894 neque
591 1835 613 1880 id
623 1836 720 1898 impera·

52 1906 128 1949 barem
151 1900 224 1962 palam
246 1899 344 1956 audere;
367 1906 477 1946 secretum
499 1899 526 1945 ad
547 1901 728 1962 perpetrandum.

67 1980 132 2014 uren.

51 1981 67 2028 q
87 2029 141 2076 LV.
159 2029 205 2077 Sed
217 2027 303 2083 Caesar,
314 2044 359 2090 quo
369 2029 451 2076 lamam
460 2035 579 2086 averteret,
587 2029 666 2076 adesse
673 2029 726 2077 tra·

52 2109 129 2156 quens·
137 2096 231 2149 senatui,
242 2095 373 2156 legatosque
382 2095 452 2148 Asiae,
463 2095 609 2155 ambigentes,
621 2091 718 2154 quinam

49 2160 74 2207 in
86 2160 178 2206 ciuitate
188 2160 297 2222 templum
309 2166 449 2213 statueretur,
460 2159 535 2220 plures
545 2173 585 2220 per
595 2159 643 2204 dies
654 2159 724 2205 audi--

48 2225 92 2272 vit.
126 2223 240 2271 Undecim
252 2225 317 2271 urbes
328 2224 449 2277 certabant,
465 2224 512 2284 pari
524 2224 650 2277 ambitione,
662 2224 718 2270 virl-

47 2288 93 2337 bus
103 2289 215 2336 diversae:
235 2304 309 2349 neque
323 2289 420 2335 multum
435 2288 539 2335 distantia
553 2289 613 2335 inter
628 2303 653 2334 se
666 2303 716 2335 me·

46 2355 173 2408 morabant,
191 2354 219 2400 de
235 2360 347 2400 vetustate
362 2354 460 2414 generis,
479 2353 553 2399 studio
567 2352 591 2399 in
607 2354 715 2414 populum

46 2417 188 2472 Romanum,
204 2434 245 2480 per
255 2419 313 2465 bella
324 2417 388 2465 Persi
404 2425 427 2464 et
439 2418 561 2465 Aristonici
577 2417 716 2479 aliorumque

45 2498 136 2546 regum.
160 2483 248 2530 Verum
260 2483 398 2545 Hypaepeni,
409 2482 567 2543 Trallianique,
579 2481 716 2530 Laodicenis

44 2563 75 2597 sc
80 2547 231 2610 Magnetibus
239 2549 312 2603 simul,
321 2549 454 2604 transmissi,
462 2548 660 2610 utparutnuulxdx.
675 2547 731 2590 sa.

39 2610 140 2660 Ilienses
148 2614 246 2677 quidem,
263 2630 315 2662 cum
327 2623 450 2680 parentem
460 2613 630 2664 urbisRornae
635 2609 745 2666 ‘leam

37 2674 148 2782 fefmffla
161 2680 208 2730 atsi
218 2682 369 2748 antiquitatis
379 2683 470 2753 gleni,
480 2681 619 2750 pollebam
644 2671 771 2721 him*

69 2753 131 2790 om.
531 2764 548 2797 ι
