1680 2910
67 132 167 178 J.c.uu.
211 131 407 181 ANNALIUM
423 130 537 180 LmIII.
550 131 610 182 Cer.
621 136 658 181 15.
708 140 739 184 95

67 262 416 327 nsquedet'emmabsolutioni
432 270 487 318 crat,
504 264 524 311 ai
540 271 655 311 teneretur
665 266 738 330 moj0-

67 331 131 378 ribus
140 328 242 393 flagitiis·
273 327 332 377 Post
346 343 413 389 quem
430 328 536 377 Servoeus
549 336 573 375 et
587 328 702 377 Veranius
714 338 738 378 et

68 394 185 449 Vitellius,
199 393 312 443 consimili
322 394 404 448 studio,
422 393 462 440 sod
472 392 545 441 multi
553 394 682 456 duqnentii
693 394 738 442 Vi·

66 461 151 515 retum
162 457 280 522 objecire:
298 458 351 507 odio
363 458 500 513 Germanioi
511 466 617 506 etrerurn
626 476 741 508 novarum

66 525 150 581 enrdio,
162 523 362 586 Pisomvugur
372 524 478 578 militum,
488 540 528 586 per
537 523 651 572 licentiam
662 534 686 572 et
697 541 736 573 so·

66 589 736 717 mammem

65 735 188 783 quacunque.
204 719 304 767 maxime
313 719 339 765 iu
352 719 448 766 comites
459 726 482 766 et
496 719 581 766 amicos
595 720 734 776 Germanici,

65 781 176 835 cuine:
200 792 323 847 postrem,
339 785 414 846 ipsum
431 783 587 831 devotionibus
605 793 628 832 et
646 800 737 832 veneno

64 850 201 914 numine:
220 864 285 897 sacra
299 849 353 895 hinc
365 857 389 896 et
399 849 566 896 immolationes
580 848 689 897 nefandas
698 851 734 912 ip-

64 917 114 965 sius
131 923 201 993 atoue
220 913 353 991 Plancinae
369 915 463 976 petitam
484 915 554 962 armis
572 930 642 978 remp.
664 924 734 976 utque

64 995 171 1093 mlix
178 986 434 1093 &6232ng
443 1045 577 1106 trepidavit:
596 1060 649 1092 nam
660 1060 734 1106 neque

64 1110 212 1161 mbitiooem
232 1109 361 1166 militarem,
383 1124 457 1170 neque
478 1110 616 1171 provinciam
634 1111 733 1171 pessimo

62 1180 146 1237 cuique
162 1175 290 1229 obnoxiam,
305 1189 336 1221 ne
349 1174 497 1221 contumelias
511 1174 602 1235 quidem
613 1176 732 1221 adversum

61 1241 223 1305 imperatorem
238 1237 331 1286 inficiari
346 1246 450 1302 poterut:
469 1239 542 1286 solum
555 1240 635 1286 veneni
647 1240 732 1289 crimen

61 1308 127 1355 rins
136 1312 174 1354 est
183 1304 289 1353 diluisset
308 1304 368 1365 quod
378 1319 408 1351 ne
419 1311 560 1351 accusatores
573 1305 665 1364 quidem
678 1305 732 1351 satis

60 1369 231 1425 aminneis
248 1369 354 1417 convivio
366 1368 504 1424 Germanioi,
523 1384 574 1417 cum
593 1384 660 1430 super
678 1384 730 1416 enm

63 1436 119 1485 Piso
130 1435 288 1489 discumberet,
300 1434 395 1481 infectos
406 1434 507 1481 manibus
518 1435 568 1497 ejus
578 1435 645 1490 cibos,
662 1449 730 1497 argu·

60 1508 143 1550 euteaa
162 1500 246 1562 quippe
258 1499 378 1547 absurdum
389 1499 511 1554 videbatur,
525 1500 585 1545 inter
595 1499 667 1545 aliena
682 1514 731 1547 ser-

62 1567 124 1623 vitia,
136 1572 162 1613 et
171 1572 207 1613 tot
215 1565 353 1613 adstantium
364 1566 421 1619 visu,
438 1566 487 1626 ipso
498 1564 636 1611 Germanico
647 1578 730 1621 coram,

61 1632 86 1681 id
100 1645 197 1689 ausum:
215 1628 366 1691 offerebatque
379 1629 487 1677 familiam
502 1644 561 1684 reus,
578 1636 602 1676 et
616 1628 732 1676 ministros

61 1697 87 1745 in
98 1703 214 1745 tortnem
223 1693 346 1757 flugiubsr.
380 1695 426 1742 Sed
437 1695 526 1757 judices
538 1710 577 1757 per
588 1694 676 1741 diverso
687 1695 730 1740 im-

60 1761 182 1827 placabiles
197 1767 275 1808 erant:
297 1757 384 1817 Caesar,
400 1760 429 1806 ob
443 1759 526 1806 bellum
541 1760 664 1822 provinciae
679 1759 730 1806 iilo·

61 1834 130 1885 urm
144 1832 245 1881 senatus,
264 1839 381 1886 nunquam
400 1825 454 1871 satis
473 1824 565 1882 credito,
585 1826 634 1870 sine
651 1824 731 1871 fraud·

62 1891 227 1940 Germanicum
232 1889 539 1950 interiisse20·rcripsissent
546 1889 728 1950 expostulantes:

61 1957 124 2019 quand
135 1955 196 2003 baud
206 1958 282 2002 minus
292 1952 397 2002 'liberius
407 1969 474 2015 quam
487 1953 542 2001 Piso
553 1952 658 2000 abnuere.
692 1954 732 2000 Si·

60 2021 110 2069 mui
119 2020 199 2084 populi
208 2028 262 2068 ante
272 2020 356 2067 curiam
364 2035 433 2066 voces
440 2019 595 2066 audiebantur:
615 2032 662 2065 non
670 2025 730 2064 tem·

60 2096 181 2150 potaturos
199 2086 308 2140 manibus,
326 2085 345 2131 ai
360 2092 450 2147 patrum
465 2085 588 2130 sententies
606 2083 726 2131 evasisset:

60 2152 194 2215 affinesque
202 2148 294 2199 Pisonis
300 2157 414 2196 merant
424 2150 448 2196 in
454 2149 587 2202 Gemonias,
595 2163 622 2195 ac
628 2147 729 2196 develle-

60 2217 121 2272 baut,
137 2217 161 2263 ni
173 2217 242 2279 jussu
251 2215 358 2278 principis
368 2222 477 2277 protectae
488 2214 637 2277 repositaeque
646 2212 730 2261 forent.

60 2279 138 2345 Igitur
148 2281 234 2330 inditus
243 2280 337 2336 lecticae,
349 2287 374 2326 ct
383 2296 397 2327 a
407 2280 497 2327 tribuno
506 2279 620 2343 praetoriae
630 2280 730 2326 cohortis

56 2347 171 2395 deductus
181 2354 229 2404 est;
245 2346 309 2394 vario
319 2359 416 2402 rumore,
427 2352 504 2392 custos
514 2344 598 2399 salutis,
609 2359 638 2392 an
649 2345 729 2391 mortis

58 2420 153 2524 mitid
164 2420 387 2525 mugilum
396 2474 487 2530 invidia,
503 2476 574 2538 maJor
584 2475 668 2536 gratia:
687 2488 728 2519 co·

59 2556 105 2603 que
121 2541 252 2603 subigam
268 2541 398 2599 hobebstur‚
413 2547 523 2602 quantum
538 2538 627 2588 Cosani
639 2540 668 2585 in
678 2552 732 2584 enm

53 2606 148 2652 bceoetr
166 2613 236 2667 utque
242 2606 298 2669 ipsa,
311 2607 386 2658 donec
397 2607 484 2659 mediae
490 2606 577 2658 Pison'r
584 2621 647 2670 sues.
657 2603 750 2650 soem

38 2681 71 2713 ¹⁹
85 2669 254 2733 comumque
268 2671 387 2739 furorne,
402 2685 437 2738 e,
457 2677 534 2731 ntra
548 2668 770 2731 menum
