1680 2910
76 50 125 97 aaa
263 34 555 127 SUPPLitMErt'rUM
621 44 742 95 mom.

77 178 131 225 tatis
148 174 230 236 aliquid
248 175 351 231 retinuit;
368 171 452 221 Jovem
469 168 531 219 enim
550 171 679 229 aemulatus,
693 186 742 219 cunr

77 238 408 303 aliquandoora'cnlnfunderet,
416 244 559 299 sutoremqne
567 236 664 285 Gallum
672 236 743 283 riden-

78 314 125 353 tem
137 303 266 367 adspiceret,
282 314 333 350 eum
345 302 500 365 interrogarit,
511 300 646 357 “Quisnam
658 302 698 349 tibi
709 302 743 347 ri·

79 368 168 417 deorl”
186 375 200 397 ‘⁶
207 368 321 430 Magnum
332 364 528 421 deliramenturn,”
539 366 658 429 respoudit
668 372 740 415 autor:

78 436 203 480 libertatem
221 434 304 480 veritas
323 432 389 478 simul
405 438 429 478 et
443 430 540 479 hominis
555 431 687 493 ignobilitas
702 432 743 477 inr-

78 513 162 560 punem
172 495 253 544 facire.
270 497 381 559 Argutior
392 494 421 542 L.
428 494 543 551 Vitellius,
555 502 609 543 ante
619 495 714 543 cousr'lio
721 502 745 541 et

80 563 164 610 artibus
174 562 287 623 egregius,
296 570 344 607 tum
356 560 447 606 servitio
458 568 481 607 et
492 560 623 607 adulatione
632 560 742 623 princeps.

79 626 231 674 Percontante
241 626 301 672 enim
310 623 366 673 Caio
376 639 405 671 an
412 623 502 671 Lunam
510 639 563 671 cum
573 624 625 686 ipso
637 640 744 687 congres-

79 706 127 739 sam
145 692 246 747 vidcret3
262 691 307 744 ille,
322 689 424 736 demissis
441 690 517 744 oculis,
529 688 631 753 tremuli
639 704 704 745 vooe,
719 704 744 735 nc

78 755 256 809 venerabundus,
274 757 398 801 insusurrat
413 752 504 800 “Vobis
516 754 578 810 solis,
590 754 690 809 domine,
705 753 745 799 diis

80 821 156 867 datum
167 821 264 866 invicem
274 836 317 866 vos
327 816 434 865 intueri.''
468 818 523 871 Quo
530 834 648 880 responso,
659 826 686 865 ut
693 818 749 866 olim·

80 892 176 932 caeteros
188 885 267 931 oblatis
278 884 399 930 divinitatis
409 883 531 930 bonoribus
540 890 696 939 anteverteret,
707 884 745 937 ita,
820 916 823 923 .

79 950 133 996 licet
144 950 247 1011 ambigue
258 949 354 1002 assertis,
366 947 443 994 favore
453 948 477 993 in
487 960 602 1009 posterum
613 948 677 995 vicit.

114 1011 160 1077 [At
176 1029 259 1060 norum
282 1028 374 1070 numen,
393 1012 469 1074 paucis
487 1011 621 1069 beneficum,
643 1012 745 1075 plurimis

80 1094 158 1141 grave,
173 1079 278 1125 inauditis
292 1077 444 1138 vectigalibus,
456 1078 638 1139 turpioribusque
656 1078 745 1133 artibus,

80 1144 157 1190 divino
168 1145 260 1190 nomine
269 1144 399 1205 praescripto
410 1142 537 1197 tremendis,
549 1143 573 1189 ia
584 1143 689 1189 omnium
698 1142 744 1189 t'or·

80 1215 148 1254 tunes
165 1216 286 1270 grassatur.
321 1208 389 1254 Sacra
404 1207 459 1268 ipsa,
471 1207 541 1269 uulgo
557 1222 627 1269 opum
640 1206 743 1261 fecunda,

80 1272 104 1318 in
122 1274 248 1334 pauperiem
266 1282 314 1320 tum
332 1269 425 1318 cessire.
457 1270 540 1319 Jorem
557 1271 618 1318 euim
633 1270 744 1319 Ianum

82 1353 107 1384 se
118 1338 228 1392 dictitans,
248 1338 322 1399 posuit
338 1336 445 1397 templum
461 1336 548 1382 numini
559 1352 600 1383 suo
612 1337 743 1398 proprium

81 1412 104 1448 et
125 1409 207 1463 praeter
229 1402 429 1463 excogitatissimas
450 1401 534 1446 hostias
554 1402 743 1462 phoenicopteros,
822 1418 825 1439 ι

80 1480 186 1527 pavones,
205 1474 322 1519 tetraonas,
337 1465 467 1518 numidicus,
484 1466 639 1527 meleagridas,
655 1466 744 1527 phasis·
804 1476 825 1527 .ξ

80 1544 128 1584 nas,
141 1545 192 1588 quae
203 1532 325 1592 generatim
336 1546 376 1591 per
388 1530 489 1591 singulos
503 1530 550 1576 dies
565 1531 742 1583 immolarentur,

80 1596 208 1640 sacerdotes
226 1596 322 1641 instituit
342 1593 460 1642 Claudium
477 1601 587 1656 patruum,
605 1602 629 1641 et
644 1594 744 1657 locuple·

81 1661 180 1705 tissimus
192 1675 297 1718 quosque,
315 1661 352 1719 qui
365 1659 447 1719 singuli
465 1660 588 1705 sacerdotia
599 1660 686 1706 centies
697 1674 743 1705 ses-

79 1724 173 1769 tertidm
185 1733 292 1769 eruerent.
324 1723 376 1784 Ipse
393 1726 428 1769 sui
439 1724 541 1769 sacerdos
558 1738 652 1770 uxorem
664 1722 743 1771 caeso-

81 1788 149 1840 niam,
161 1804 287 1847 equumque
300 1803 363 1833 suum
377 1786 497 1833 Incitatum
510 1789 532 1832 in
542 1788 662 1849 collegium
675 1804 743 1849 coop-

80 1853 149 1897 tavit:
171 1853 262 1898 numine
273 1868 298 1898 ac
310 1853 370 1898 cultu
382 1854 464 1913 pariter
473 1852 613 1908 irridendus3
632 1853 671 1899 seri
684 1860 746 1899 sorte

79 1915 153 1968 laetus,
173 1917 232 1975 quod
252 1932 319 1977 super
338 1918 385 1961 anri
402 1931 495 1963 acervos
511 1917 660 1963 volutaretur.
693 1916 743 1963 Has

79 1988 155 2025 tamen
175 1982 234 2026 inter
250 1982 339 2026 delicias
356 1981 414 2026 haud
435 1980 543 2027 deferbuit
563 1981 634 2028 furor.
668 1979 744 2028 Immo

79 2051 128 2089 tum
155 2046 237 2105 placuit
263 2047 378 2090 hominum
404 2045 500 2091 fortuna}
523 2047 622 2106 ritaeque
644 2047 744 2093 illudere.

80 2108 172 2155 Gratias
184 2111 242 2155 enim
254 2111 347 2171 principi
364 2124 431 2170 agere
447 2111 590 2170 cogebantur,
609 2118 633 2156 ct
648 2127 744 2171 qnorum

78 2173 137 2218 bona
148 2175 224 2228 ablata,
238 2184 260 2220 ct
270 2190 365 2235 quorum
376 2175 438 2220 liberi
450 2176 523 2221 occisi.
556 2173 584 2220 ln
596 2176 639 2222 hac
647 2177 744 2237 prornis-

77 2235 121 2282 cud
139 2242 278 2297 percuntimn
301 2237 371 2292 turbi,
394 2255 451 2300 quae,
473 2240 627 2299 quotidianum
648 2256 744 2297 sacrum,

78 2316 139 2346 novo
152 2305 235 2348 numini
248 2306 344 2360 cadebat,
357 2306 411 2351 vitae
422 2305 538 2358 hilaritate,
550 2307 630 2351 mortis
636 2314 744 2354 constan·

79 2364 110 2412 tii
123 2364 199 2412 Canus
208 2368 281 2414 ,lulius
290 2372 424 2430 praecipuam
436 2369 522 2414 laudem
532 2371 590 2416 tulit.

111 2428 174 2491 [Nec
184 2430 251 2478 Caius
263 2435 310 2486 diis,
323 2451 387 2494 quam
400 2435 533 2488 hominibus,
545 2435 632 2494 aequior
641 2437 741 2484 exstitit:

73 2511 115 2542 cos
134 2496 201 2543 modo
221 2499 307 2561 probris
322 2507 345 2544 ct
359 2499 500 2544 irrisionibus
515 2500 655 2547 incessebat:
674 2502 743 2548 modo

66 2563 115 2613 uris
127 2564 271 2623 deturbabat,
284 2576 309 2616 et
324 2567 351 2613 'rit
360 2564 444 2627 templi
453 2562 638 2612 santumnium
646 2565 753 2604 sousa:
