1680 2910
86 151 119 194 64
166 143 359 195 ANNALIUM
374 142 473 194 malt
485 141 597 195 Cas-40.
631 144 747 197 Malo.

87 273 233 338 Langueseet
243 276 325 338 alioqui
335 275 451 334 industria,
467 276 595 324 intendetur
605 277 713 333 socordia,
729 276 748 323 si

86 340 161 387 nullus
171 356 201 388 ex
212 356 237 389 se
247 350 320 388 metus
332 348 370 388 aut
381 356 445 403 spes;
463 347 486 388 et
497 343 570 388 securi
585 355 665 388 omues
675 343 748 389 alisna

87 405 184 452 subsidia
191 406 403 468 exspectabuntsibi
411 405 494 468 ignavi,
499 405 672 469 nobisgraves.”
685 405 747 453 Haec

86 477 153 530 atque
169 471 228 526 talia,
244 485 377 532 quamquam
394 485 445 517 cum
464 485 556 518 assensu
569 470 645 518 audita
660 471 687 517 ab
702 472 746 527 bis,

86 533 166 594 quibus
185 537 260 583 omnia
277 535 408 597 principum,
428 536 522 582 honesta
536 544 603 597 atque
620 535 746 592 inhonesta,

85 598 176 645 laudare
190 614 240 647 mos
254 607 295 655 est,
312 599 387 661 plures
399 614 439 661 per
452 600 566 646 silentium
579 607 619 649 aut
632 600 746 647 secutum

84 677 188 710 murmur
198 662 316 727 exceperer
335 664 448 725 sensitque
458 663 572 712 Tiberius:
591 671 621 719 et,
633 678 685 711 cum
690 658 745 727 plu-

86 727 134 774 lum
145 729 276 782 reticuisset,
288 727 386 776 Hortalo
394 728 565 790 serespondisse
571 729 612 776 aits
631 735 746 785 ceremur,

86 792 221 854 sipatribus
239 793 358 848 videretur,
379 793 482 840 daturum
500 793 574 841 liberis
592 793 641 856 ejus
660 793 747 840 ducena

85 858 188 905 sestertia
204 858 304 920 singulis,
324 858 363 919 qui
381 857 449 904 sends
467 858 537 904 virilis
553 864 636 904 essem,
711 855 749 905 “rs

86 921 124 969 alii
133 929 223 984 grates3
241 921 430 987 siluit‘Hortalus,
443 937 532 984 pavore,
549 937 577 970 an
588 922 655 969 avitae
665 935 681 968 rr
711 921 747 968 ‘li-

86 987 145 1042 tatis,
157 987 224 1034 etism
235 988 294 1035 inter
303 988 419 1050 angustias
427 986 531 1042 fortune,
542 987 655 1034 retineas:
674 1000 747 1047 rreque

86 1051 205 1099 miseratus
215 1058 250 1099 est
260 1053 352 1114 posthac
362 1050 471 1107 Tiberius,
482 1052 585 1113 quamvis
592 1052 672 1099 domus
681 1050 745 1098 Hor·

85 1117 152 1162 tensii
162 1116 288 1178 pudendam
300 1117 328 1163 ad
338 1117 435 1178 inopiam
446 1117 590 1164 delaberetur.
628 1138 631 1145 ·

119 1179 243 1228 XXXIX.
260 1181 349 1229 Eodem
363 1196 429 1236 anuo,
446 1182 550 1243 mancipii
564 1181 630 1228 unius
647 1179 747 1236 sudam,

86 1245 109 1290 ni
121 1253 208 1292 mature
217 1247 351 1293 subventum
361 1246 426 1301 soret,
437 1246 552 1293 discordiis
566 1245 677 1305 armisque
689 1245 745 1291 civi·

84 1309 400 1372 libusrempublperculisset.
433 1309 653 1372 PoatumiAgrippae
661 1324 746 1364 servus,
774 1364 781 1372 μ

24 1368 30 1375 ’
87 1375 178 1421 nomine
190 1373 304 1430 Clemens,
316 1381 429 1436 comperto
439 1374 484 1422 iius
495 1374 601 1438 Augusti,
617 1388 715 1436 pergere
722 1374 746 1420 in

85 1439 181 1485 insulam
197 1438 331 1494 Planasiam,
348 1446 371 1486 et
384 1438 461 1486 fraude
473 1448 512 1486 aut
526 1440 549 1486 vi
560 1447 647 1500 raptum
659 1439 745 1500 Agrip-

86 1518 138 1564 pam
144 1504 202 1551 ferre
208 1504 237 1550 ad
243 1505 354 1552 exercitus
363 1503 518 1559 Genuanicos,
527 1519 572 1551 non
579 1503 654 1551 servili
663 1504 745 1557 animo,

86 1569 195 1631 concepit
227 1568 292 1616 Ausa
301 1570 349 1631 eJus
360 1570 475 1630 impedivit
484 1570 576 1616 tarditas
586 1568 694 1614 onerariae
704 1582 745 1614 na·

86 1632 135 1679 vis:
154 1640 221 1694 atque
234 1633 323 1680 interim
337 1632 425 1695 patratis
439 1633 507 1688 caedc,
523 1634 551 1680 ad
565 1634 648 1696 majora
662 1639 686 1678 et
696 1647 746 1678 ma·

85 1699 122 1758 gis
132 1698 255 1759 praecipitia
267 1713 395 1754 conversus,
411 1696 497 1744 furatur
511 1699 603 1752 cineres,
622 1703 746 1758 vectusque

86 1760 177 1817 Cosam,
200 1761 299 1810 Etruriae
317 1763 501 1824 promontorium,
519 1762 604 1824 ignotis
621 1761 678 1807 loeis
697 1776 747 1807 sese

85 1826 152 1882 abdit,
172 1827 242 1873 donec
261 1827 344 1874 crinem
362 1828 497 1888 barbamque
515 1827 667 1888 promitteret:
693 1840 746 1872 nam

86 1888 324 1938 etateetformtbmd
331 1892 432 1938 dissimili
441 1892 464 1937 in
472 1891 586 1937 domiuum
594 1898 649 1938 erat
675 1889 745 1945 Tum,

83 1969 127 2019 per
139 1957 230 2003 idoneos
245 1962 268 2002 et
284 1957 364 2003 secreti
378 1957 426 2018 qius
440 1957 519 2009 socios,
534 1956 652 2002 crebrescit
668 1955 746 2001 vivere

86 2020 219 2083 Agrippam,
231 2021 324 2067 occultis
335 2021 430 2082 primum
442 2020 586 2073 sermonibus,
597 2025 623 2065 ut
629 2019 745 2066 vetitaso·

84 2086 139 2142 lent,
155 2100 210 2133 mox
220 2100 278 2146 vago
292 2099 381 2131 rumore
394 2085 453 2146 apud
466 2084 625 2147 imperitissimi
639 2084 747 2146 cujusque

85 2157 184 2212 promtas
196 2165 266 2204 aures,
278 2156 316 2195 aut
327 2164 414 2195 rursum
426 2150 484 2210 apud
491 2148 597 2203 turbidos,
608 2163 679 2208 eoque
686 2157 746 2195 nova

85 2215 207 2276 cupientes.
239 2214 316 2274 Atque
327 2215 374 2274 ipse
384 2214 445 2261 adire
458 2215 578 2275 municipia
588 2214 683 2260 obscuro
694 2213 745 2268 diei,

85 2293 158 2338 neque
168 2279 280 2340 propalam
292 2278 380 2340 adspici,
397 2293 469 2338 neque
485 2279 567 2325 diutius
582 2277 660 2324 iisdem
671 2277 742 2323 locis:

86 2344 132 2396 sed,
147 2345 199 2402 quia
212 2343 294 2390 veritus
309 2343 358 2389 visu
376 2350 398 2389 et
414 2341 485 2402 mord,
500 2343 557 2389 falsa
566 2341 710 2389 festinatione
723 2348 747 2388 et

84 2408 175 2453 incertis
191 2408 314 2462 valescunt,
337 2407 472 2468 relinquebat
492 2407 576 2454 famam
598 2412 636 2453 aut
656 2421 745 2469 praeve·

85 2473 167 2519 siebat.

118 2535 173 2584 XL.
189 2535 331 2600 Vulgabatur
348 2537 437 2584 interim
455 2551 495 2599 per
513 2534 609 2589 ltaliam,
630 2541 746 2582 servatum

70 2616 171 2650 munere
182 2601 263 2652 Derim
275 2603 417 2669 Agrippum:
437 2602 566 2650 credebatur
573 2599 675 2645 lterum
689 2601 748 2658 'qum-

14 2690 19 2735 i
58 2679 110 2727 qve
120 2667 214 2722 Ostiam
225 2672 354 2724 invectum
365 2669 494 2723 multitudo
507 2667 602 2731 ingens,
611 2662 663 2725 ‘qam
669 2661 701 2706 'm
708 2661 770 2705 uiue.
