1680 2910
126 58 175 106 mo
310 32 603 102 subsannamus
677 57 794 108 unm

127 184 270 235 horrentibus
293 183 396 241 Judaeis;
424 185 632 233 Alexandrinorum
655 201 714 233 vero
734 184 799 235 turbb

130 251 212 301 Caium
223 251 297 306 daun,
311 249 402 306 Jovem,
417 249 472 296 deos
482 264 570 306 ornnes,
586 265 658 298 unum
670 266 723 299 esse
733 251 796 316 inga-

128 319 237 364 minante.

163 380 271 445 [Interim
285 380 443 427 criminabatur
454 379 562 435 Isidorus,
574 379 675 441 reliquos
687 386 796 429 terrarum

127 447 230 510 populos,
246 452 330 508 praeter
341 444 443 499 Judaeos,
458 460 500 507 pro
516 445 589 491 salute
604 447 715 508 principis
729 449 795 496 sacri·

127 510 215 559 ficisse.
249 509 284 558 Hi
298 510 448 558 accusationis
461 510 620 572 indignitatem
633 513 740 568 aversati,
756 528 794 560 ex·

128 577 228 624 clamant
238 592 263 623 se
273 575 359 639 injuriis
369 575 429 636 peti3
443 583 527 635 terque,
538 591 580 636 pro
588 577 696 638 auspiciis
703 578 795 640 imperii,

127 640 232 689 restituti
252 638 350 689 Caesaris
368 639 470 695 sanitate,
492 639 630 702 acutisque
651 641 794 698 Germanici,

126 707 279 762 hecatomben,
298 720 344 753 non
360 711 458 760 truncas,
477 706 510 751 uti
529 705 589 768 apud
604 713 700 754 caeteras
715 715 794 771 gentes

127 772 199 819 moris
210 779 251 826 est,
263 770 303 818 sed
312 771 419 832 integras,
428 785 492 818 sacro
502 771 557 833 igne
566 771 702 819 adolevisse.
727 771 795 820 Haud

127 838 205 885 mitior
216 834 286 885 Caius
297 851 336 883 eos
347 836 391 891 alii,
406 850 452 883 non
467 836 515 892 sibi,
529 834 669 884 sacrificisse
679 839 792 899 queritnrs

128 917 227 964 moxque
238 901 389 957 obambulans,
404 901 472 957 aulas,
488 915 556 958 oecos,
567 903 795 969 macca-tabulata

129 969 205 1015 omnia
218 969 344 1029 inspectare
350 983 358 1024 3
378 967 427 1014 baec
437 967 546 1029 probare3
562 966 602 1014 illa
613 966 737 1027 dnmnam
746 968 794 1016 alia

127 1040 216 1080 mutata
229 1033 293 1088 velle,
308 1032 471 1079 assectantibus
480 1032 538 1078 inter
549 1033 730 1081 adremadorum
740 1048 793 1082 cou-

127 1099 233 1146 tumelias
240 1097 339 1146 Judaeis:
357 1113 414 1158 quos
422 1098 496 1145 subito
504 1096 591 1153 affatus,
604 1095 702 1154 “Oua'’
713 1099 793 1159 inquit,

127 1170 142 1194 ‘⁴
150 1179 192 1211 sue
203 1161 351 1210 abstinetis?‘'
374 1162 461 1210 Rident
471 1162 624 1224 plauduntque
630 1160 791 1211 Alexandrini:

126 1229 213 1292 patrios
224 1229 280 1275 ritus
290 1235 399 1276 excusant
409 1226 498 1278 Judaei:
511 1228 601 1290 jocatur
611 1229 732 1290 princeps3
748 1235 793 1276 sta·

126 1295 213 1356 timque
221 1294 250 1340 ad
258 1294 315 1341 seria
324 1300 483 1354 transgressus,
496 1292 549 1354 quid
554 1293 613 1356 juris
624 1292 649 1339 in
658 1295 714 1342 urbe
722 1292 792 1342 Alex·

127 1358 208 1406 andrid
217 1364 301 1420 petant,
309 1359 440 1419 interrogat.

138 1464 140 1471 .
160 1423 211 1486 [Illi
225 1423 354 1470 meditatam
369 1424 499 1478 orationem,
514 1419 560 1483 qud
568 1424 622 1484 jura
634 1439 676 1485 per
686 1424 791 1485 quadrin-

127 1495 211 1551 gentos
222 1504 293 1535 annos
304 1488 378 1535 valida
392 1489 518 1549 probarent,
534 1495 657 1550 coeperant,
673 1504 726 1535 cum
741 1504 793 1551 pro·

127 1553 263 1615 percingit,
283 1553 486 1614 amplissimamque
502 1553 576 1598 aulam
592 1568 724 1615 pererrans,·
730 1555 794 1616 jubet

127 1619 237 1666 fenestras
252 1618 311 1666 vitro
325 1618 426 1672 candido,
442 1618 592 1678 specularibus
609 1619 720 1680 lapidibus
736 1619 794 1666 baud

127 1684 229 1738 absimili,
241 1682 335 1729 occludi.
368 1682 431 1729 Exin
442 1683 470 1728 ad
483 1681 500 1731 J
502 1683 578 1729 udaeos
592 1683 655 1729 lente
668 1699 793 1746 regressus,

126 1749 181 1809 quid
197 1748 272 1794 dicant
286 1749 373 1808 quaerit.
406 1746 478 1794 Dicta
493 1748 621 1795 summatim
632 1750 792 1810 repetentibus,

125 1814 199 1860 subito
211 1814 285 1859 evadit
295 1815 319 1859 in
331 1814 409 1867 aedem,
421 1828 488 1872 quam
499 1814 611 1860 veteribus
622 1814 717 1875 picturis
725 1829 791 1861 exor-

125 1881 198 1926 nabat.
227 1877 334 1939 Denique
345 1893 454 1932 reversus,
467 1893 508 1924 nec
519 1879 550 1924 ita
560 1877 632 1933 ferox,
644 1879 685 1924 s'ed
696 1880 790 1925 commi·

125 1960 208 1999 serans,
221 1949 235 1972 ‘⁶
245 1942 306 1990 Proh
315 1941 434 1998 miseros,”
443 1943 521 2002 inquit,
531 1948 546 1971 “
554 1950 578 1990 et
585 1943 710 1990 imbecillos
719 1945 792 2006 magis

125 2026 191 2070 quarn
201 2009 278 2062 malos,
290 2009 328 2068 qui
339 2023 376 2054 me
387 2007 422 2054 dei
434 2015 520 2054 naturae
531 2009 660 2070 participem
673 2024 724 2056 esse
732 2009 792 2056 haud

125 2072 274 2134 intelligitis.’'
293 2073 354 2119 Haec
361 2073 458 2127 locutus,
467 2074 520 2119 abiit
525 2091 532 2129 3
542 2074 645 2134 jussique
651 2073 792 2135 legatiroce·

125 2139 188 2185 dere:
208 2139 313 2199 principis
323 2138 429 2184 futilitate
435 2139 522 2192 irritati,
531 2139 577 2184 laeti
589 2145 666 2185 tamen
677 2139 792 2202 quodjam

101 2259 104 2264 Δ
124 2218 170 2249 non
181 2218 255 2250 causae
266 2211 359 2256 tantum,
373 2203 411 2249 scd
422 2204 476 2249 ritae
487 2204 554 2249 etiam
566 2203 700 2250 diffiderent.

157 2265 217 2330 [Sub
232 2270 283 2314 anni
299 2267 365 2314 finem
382 2267 474 2328 Apelles
489 2268 598 2313 malarum
613 2268 695 2315 artium
712 2283 792 2330 poenaa

124 2335 187 2388 luit3.
202 2333 334 2392 vinctusque
350 2332 428 2378 ferreis
444 2333 594 2393 compedibus,
612 2340 635 2378 et
652 2332 702 2379 rotis
718 2340 792 2379 tortus

123 2414 162 2460 per
181 2399 266 2443 dierum
286 2398 410 2450 intervalla,
433 2405 457 2443 ut
480 2398 517 2443 diu
537 2398 650 2458 suppliciis
670 2398 791 2451 sufficeret,

123 2471 232 2526 quantum
252 2462 305 2508 olim
324 2462 352 2508 ad
370 2462 466 2508 luxuriae
483 2463 634 2517 incitamenta,
654 2469 745 2509 tautum
763 2463 790 2509 ad

117 2531 261 2581 crudelitatis
271 2529 372 2578 ludibria
380 2527 469 2576 ualuit·¹
482 2527 616 2578 baudraro,
627 2534 653 2569 at
660 2528 794 2584 semperm-
