1680 2910
93 137 127 182 42
190 130 382 181 ANNALIUM
398 129 481 180 Lat
499 130 607 182 Canld.
638 135 761 184 lucane,

96 262 181 326 Hispo,
198 270 294 311 statuam
312 263 416 310 Marcelli
431 263 496 310 altius
510 277 577 323 quam
595 262 712 312 Caesarum
728 267 759 313 ri·

97 337 156 376 tama
175 335 200 374 et
218 326 262 375 alii
283 329 307 374 in
325 326 406 381 statui,
429 335 543 390 amputato
561 329 632 390 capite
650 329 759 392 Augusti,

98 393 197 455 effigiem
214 392 298 439 'liberii
316 393 423 438 inditam:
442 392 471 438 ad
481 393 541 452 quod
554 394 637 439 exarsit
647 394 711 449 adeo,
724 403 759 451 ut,

99 456 165 519 rupti
182 458 339 510 taciturnitate,
359 457 511 517 proclamaret,
534 472 559 503 se
582 473 672 518 quoque
691 460 714 505 in
733 459 760 507 ed

99 520 167 571 causi
184 521 281 568 laturum
298 522 432 568 sententiam
447 521 520 582 pelam
538 530 562 568 et
573 524 690 585 juratum
714 540 759 585 quo

99 587 188 634 caeteris
204 587 282 633 eadem
302 587 422 632 necessitas
443 585 514 632 fieret.
545 586 670 634 Manebant
692 589 760 635 etiam

99 659 147 699 tum
165 651 261 711 vestigia
275 651 392 696 morientis
402 650 517 697 lrbertatis.
550 649 624 712 Igitur
643 650 688 700 Cn.
698 652 760 708 Piso,

98 714 196 770 “Quo”
205 715 284 776 inquit,
294 714 365 761 “loco
372 716 479 768 censebis,
488 713 581 762 cesar?
592 717 611 763 si
623 717 714 778 primus,
722 719 761 764 ha·

97 780 221 841 beboquod
231 794 320 841 sequar:
331 781 408 841 sipost
414 794 499 833 omnes.
504 795 590 834 vereor,
597 795 626 827 ne
631 782 761 844 imprudens

97 842 252 903 dissentiam.'’
274 843 761 906 Permotushisquantoqueincautiuseffer·

97 917 168 965 verat,
179 907 313 971 poenitentii
321 909 415 970 patiens,
423 909 481 963 tutis,
491 910 575 956 absolvi
587 925 649 956 reum
660 911 760 957 crimini·

97 975 140 1021 bus
151 973 288 1035 maJestatisz
306 973 335 1020 de
348 973 449 1036 pecuniis
462 975 590 1036 repetundis
600 976 629 1022 ad
643 990 760 1037 recupera-

98 1045 160 1086 tores
170 1039 227 1085 itum
238 1044 280 1085 est.

131 1101 237 1150 LXXV.
255 1102 306 1150 Nec
315 1109 404 1164 patrum
415 1104 580 1165 cognitionibus
591 1105 690 1157 satiatus,
696 1105 760 1166 J'udi-

99 1169 139 1216 ciis
150 1168 259 1215 assidebat
269 1168 292 1213 in
304 1181 374 1213 cornu
385 1169 507 1221 tribunalis,
524 1184 553 1214 ne
563 1175 681 1230 praetorem
688 1170 760 1215 curuli

99 1234 234 1296 depelleret;
252 1232 366 1292 multaque
376 1247 404 1278 eo
415 1248 489 1279 coram
501 1233 608 1279 adversus
618 1234 724 1279 ambitum
736 1241 760 1280 et

99 1299 224 1360 potentium
240 1291 318 1359 preces
332 1297 466 1343 constituta:
486 1297 589 1343 reddum
601 1298 688 1343 veritati
703 1312 758 1344 con·

98 1363 185 1416 sulitur,
195 1362 285 1408 libertas
293 1361 481 1421 corrumpebatur.
508 1358 571 1407 Inter
582 1376 633 1421 quoe
642 1360 697 1408 Pius
707 1359 758 1408 Au·

97 1427 172 1481 relius,
185 1433 284 1479 muetos,
296 1434 394 1485 questus,
411 1425 470 1472 mole
481 1424 576 1486 publice
589 1425 634 1472 rire
647 1425 760 1487 ductuque

98 1506 204 1552 aquarum
221 1489 340 1537 labefactas
355 1489 415 1536 tedes
430 1505 488 1544 suas,
503 1490 610 1536 auxilium
621 1496 709 1551 patrum
722 1492 757 1537 in·

97 1557 199 1602 vocabat·
230 1554 396 1602 Resistentibus
410 1555 483 1600 aerarii
500 1554 638 1615 praetoribus,
656 1555 760 1602 subvenit

98 1618 184 1674 Gaesar,
195 1619 335 1681 pretiumque
345 1619 427 1666 aedium
438 1619 533 1665 Aurelio
544 1619 626 1674 tribuit,
637 1620 761 1680 erogandas

96 1699 138 1746 per
147 1685 242 1731 honesta
252 1684 354 1745 pecuniae
364 1683 468 1744 cupiens:
488 1697 555 1742 quam
563 1682 668 1729 virtutem
675 1683 713 1730 diu
723 1700 758 1731 re·

96 1749 171 1803 tinuit,
183 1762 235 1795 cum
245 1755 338 1796 caeteras
348 1754 448 1794 exueret.
480 1746 598 1809 Propertio
607 1745 687 1801 Celeri,
699 1763 758 1810 prae·

95 1814 161 1867 torio,
177 1813 266 1860 veniam
283 1813 366 1859 ordinis
377 1813 406 1859 ob
415 1819 567 1874 paupertatem
583 1812 674 1874 petenti,
685 1812 760 1860 decies

96 1877 224 1926 sestertium
234 1878 329 1940 largitus
339 1884 379 1932 est,
388 1878 570 1938 satiscomperto,
580 1887 683 1937 paternas
689 1878 709 1922 ei
717 1893 759 1925 an·

96 1941 184 2004 gustias
195 1957 251 1989 esse.
277 1940 403 1989 Tentantes
410 1941 487 1988 eadem
499 1941 554 1987 alios
564 1941 657 2003 probare
667 1957 757 1990 causam

96 2007 265 2068 senatuiJusait,
277 2006 380 2068 cupidine
389 2005 521 2061 severitatis,
531 2007 556 2053 in
569 2006 605 2052 bis
615 2007 690 2060 etiam,
707 2023 759 2068 quse

95 2071 139 2118 rite
150 2070 239 2127 laceret,
250 2072 357 2118 acerbus:
376 2069 435 2117 unde
450 2071 526 2118 caeteri
540 2071 653 2119 silentium
669 2082 692 2118 et
702 2087 757 2134 psu-

95 2143 206 2197 pertatem
218 2134 354 2182 confessioni
364 2144 387 2183 et
396 2134 504 2182 beneficio
515 2134 665 2199 preposuere.

128 2198 248 2247 LXXVI.
265 2198 354 2247 Eodem
365 2215 424 2247 anno
435 2201 547 2249 continuis
562 2203 668 2248 imbribus
679 2208 758 2248 auctus

95 2261 184 2311 'liberis
197 2265 263 2326 plana
277 2265 337 2311 urbis
353 2271 511 2327 stagnaverat:
529 2267 664 2314 relabentem
680 2276 758 2312 secuta

94 2336 131 2375 est
142 2327 286 2376 aedificiorum
297 2338 320 2376 et
331 2330 446 2377 bominum
457 2338 551 2393 strages
585 2330 659 2393 Igitur
670 2331 758 2378 censuit

94 2392 189 2440 Asinius
202 2394 289 2450 Gallus,
300 2402 327 2441 ut
336 2395 386 2442 libri
400 2395 503 2456 Sibyllini
517 2397 637 2443 adirentur.
670 2394 757 2442 Renuit

95 2455 206 2510 'liberius
222 2459 314 2518 perinde
324 2459 400 2506 divina
411 2462 551 2522 humanaque
562 2462 677 2522 obtegens.
711 2460 757 2506 Sed

93 2523 215 2568 remedium
232 2524 350 2573 eoiircendi
364 2523 465 2572 fluminis
482 2525 550 2573 Ateio
562 2524 674 2587 Capitoni,
689 2533 713 2571 et
728 2523 759 2571 L.

79 2584 198 2633 Arruntio
203 2589 347 2638 mandetirm.
357 2590 470 2639 Achaiam
479 2605 506 2637 ac
513 2589 680 2643 Macedoniarn.
687 2603 758 2636 onera

63 2644 230 2714 mles·
238 2655 321 2708 levari
332 2660 358 2710 iu
368 2668 476 2726 praesens
491 2654 653 2723 proconsulari
662 2653 770 2712 imperim

5 2770 13 2803 p
312 2767 315 2772 .
348 2768 351 2778 .
