1680 2910
61 175 159 215 Lete.
186 170 401 226 ¹ANNALIUM
418 169 469 218 Lrs.
479 168 526 217 111.
540 167 648 219 Cun54.
684 174 730 219 115

65 318 150 357 nescio,
161 317 191 349 su
202 317 309 350 suasurus
318 302 407 358 fuerim,
418 303 524 350 omittere
530 300 605 364 potius
611 302 736 364 prevalide

64 374 88 415 et
106 367 183 417 sduits
199 368 260 421 vitis,
276 383 342 428 qusm
359 369 403 414 hoc
419 367 514 428 sesequi,
531 374 557 414 ut
571 366 646 429 polum
662 366 735 423 fleret,

65 422 146 494 quista
157 431 468 495 flagitiisimpsresessemus.
500 432 545 479 Sed
552 432 585 478 illi
596 431 686 494 quidem
698 432 734 479 oi-

64 495 117 545 ficio
130 497 203 544 functi
215 504 274 551 sunt.
292 505 318 544 ut
332 506 427 545 caeteros
437 512 526 559 quoque
537 497 682 559 magistratus
694 513 736 545 sue

65 563 145 608 munla
159 562 252 623 implere
265 563 347 610 velim:
366 563 421 609 mihi
437 569 512 610 eutem
529 576 602 622 neque
613 563 734 610 honesturn

65 627 133 675 silere
144 642 217 688 neque
227 628 329 690 proloqui
340 628 475 690 expeditum,
487 627 596 688 quianon
607 626 684 683 sedilis,
696 634 736 674 sut

66 693 180 755 praetoris,
192 701 231 740 eut
241 693 341 740 consulis
351 699 426 755 partes
436 693 550 740 sustineo:
569 693 642 754 mnjus
652 692 736 753 sliquid

67 764 90 804 et
101 758 212 805 excelsius
223 759 347 820 sprincipe
357 758 492 819 postulatur:
512 764 541 811 et,
553 771 606 803 cum
617 765 678 803 recte
685 756 735 805 ssc-

67 829 143 869 torum
155 823 197 869 sibi
207 824 301 884 quisque
311 824 407 885 gretiam
415 823 515 876 trahant,
531 821 599 868 unius
612 819 697 868 invidit
707 822 736 869 sb

68 888 173 934 omnibus
183 896 295 949 peccetur.
329 887 391 943 Quid
403 889 462 934 enim
471 888 567 949 primum
576 886 700 947 prohibere,
711 895 736 933 et

67 952 165 1013 priscum
186 953 215 999 od
231 968 317 1000 morem
335 952 434 999 recidere
451 950 583 1013 aggrediar?
602 950 736 998 villarumne

67 1015 156 1064 infinita
166 1018 243 1079 sputis,
253 1017 386 1064 familiarum
395 1031 513 1062 numerum
525 1020 552 1062 et*
559 1015 681 1062 notiones?
698 1031 734 1063 sr-

68 1082 132 1143 genti
144 1089 168 1129 et
179 1083 226 1128 euri
237 1081 343 1144 pondus?
360 1083 418 1135 teris,
430 1081 599 1140 tabularumque
608 1079 733 1127 miracula?

67 1146 208 1208 promiscuas
218 1148 273 1193 viris
287 1154 311 1193 et
320 1146 411 1194 seminis
422 1145 514 1192 vestes?
531 1152 598 1206 etque
614 1145 652 1191 ills
667 1142 735 1190 serni·

67 1226 148 1258 nurum
160 1213 255 1274 proprie,
272 1208 329 1272 quis,
340 1210 438 1273 lapidum
450 1207 526 1264 cousi,
537 1210 639 1271 pecuniae
649 1216 734 1257 nostrae

69 1276 97 1323 sd
107 1284 213 1323 externas
224 1284 263 1323 eut
273 1277 367 1323 hostiles
376 1282 458 1339 gentes
468 1273 649 1322 transferuntur?
747 1276 749 1280 ⁴

101 1338 171 1388 L1v.
182 1348 197 1370 ‘⁶
205 1341 256 1389 Nec
262 1343 351 1404 ignoro,
359 1342 382 1389 in
394 1341 504 1390 conviviis
515 1346 538 1387 et
546 1339 633 1387 circuilu
640 1339 736 1386 incusari

67 1406 119 1462 iste,
135 1414 159 1453 et
174 1407 266 1453 modum
283 1408 360 1468 posci:
377 1407 426 1461 sed,
446 1408 464 1454 si
481 1406 531 1466 quis
548 1405 622 1468 legem
644 1405 737 1460 senciat,

68 1485 149 1533 poeuns
160 1472 249 1527 indicet,
267 1473 333 1519 iidem
345 1472 383 1528 ilii,
400 1473 515 1519 civitatem
525 1471 591 1524 verti,
602 1469 735 1532 splendidis·

67 1537 126 1583 simo
138 1537 219 1597 cuique
230 1538 322 1583 exitium
334 1538 413 1599 pareri,
425 1537 538 1583 neminem
547 1535 645 1582 criminis
656 1549 736 1596 exper-

68 1607 122 1658 tem,
135 1602 288 1649 clamitabunt.
320 1602 399 1664 Atqui,
407 1601 543 1664 necorporis
551 1599 736 1661 quidemmorbos

68 1673 166 1720 veteres,
183 1674 208 1714 et
218 1666 256 1713 diu
267 1674 351 1722 suctos,
369 1667 413 1713 nisi
427 1682 468 1728 per
481 1667 535 1712 dum
550 1673 574 1712 et
584 1679 663 1726 aspera
673 1663 737 1711 codr-

68 1746 135 1778 oens:
156 1740 274 1793 corruptus
285 1732 352 1779 simul
363 1740 386 1778 et
396 1738 520 1792 corruptor,
532 1745 594 1792 aeger
605 1735 628 1776 et
638 1727 738 1791 flagrans

69 1796 166 1847 mimus
184 1797 243 1843 haud
252 1797 374 1844 levioribus
389 1797 492 1843 remediis
506 1795 679 1857 restinguendus
695 1801 738 1849 est,

70 1875 138 1922 quum
153 1861 281 1909 libidinibus
296 1862 399 1909 ardescit
431 1860 478 1908 Tot
489 1876 502 1908 a
512 1860 632 1923 majoribus
643 1867 738 1921 repertae

32 1931 35 1937 '
68 1924 142 1988 leges,
158 1934 199 1982 tot,
217 1942 272 1989 quas
289 1927 322 1974 D.
332 1928 454 1990 Augustus
469 1927 534 1973 tulit:
554 1925 600 1971 illae
618 1924 738 1980 oblivione,

70 1991 113 2046 hae.
125 1992 186 2051 quod
198 1991 331 2054 flagitiosius
341 1999 383 2046 est,
400 1998 516 2038 contemtu
527 1990 623 2043 abolitae,
638 1989 738 2036 securio-

72 2071 120 2102 rem
131 2057 210 2103 luxum
223 2055 312 2104 secere:
332 2072 391 2112 uum,
405 2057 423 2103 si
436 2057 499 2109 velis,
514 2055 574 2116 quod
586 2054 686 2099 nondum
697 2068 737 2099 ve·

72 2121 138 2167 titum
150 2129 191 2175 est,
204 2122 290 2176 timens,
302 2137 331 2169 ne
343 2129 429 2168 vetere:
449 2129 479 2175 at,
496 2121 515 2166 si
525 2119 636 2181 prohibite
646 2117 738 2180 impune

70 2186 243 2239 transcenderis,
260 2201 334 2247 neque
349 2194 424 2232 metus
440 2186 504 2239 ultro,
523 2198 595 2244 neque
609 2181 682 2244 pudor
697 2190 739 2230 est.

72 2247 121 2298 Cur
137 2266 193 2313 ergo
208 2252 262 2297 olim
273 2252 412 2312 parcimonie
420 2248 536 2311 pollebat?
553 2248 605 2309 quis
620 2247 661 2294 sibi
676 2248 738 2309 quis·

70 2330 115 2376 que
133 2316 303 2362 moderabatur:
323 2317 375 2376 quia
390 2317 455 2361 unius
475 2314 535 2360 urbis
551 2314 613 2359 cives
632 2327 735 2359 eremus:

70 2395 100 2426 ne
111 2381 252 2427 irritamenta
262 2381 352 2441 quidem
363 2377 738 2434 esdem,intrs1tslismdominen·

71 2445 142 2492 tibus:
163 2447 263 2493 externis
274 2446 374 2493 victoriis
385 2445 464 2499 eliens,
475 2444 577 2490 civilibus
584 2444 653 2489 etism
661 2450 739 2490 nostra

72 2525 206 2557 consumere
215 2511 340 2558 didicimus.
373 2509 514 2566 Quantulum
525 2508 587 2555 istud
595 2515 640 2562 est„
655 2508 687 2553 de
695 2522 744 2566 uuo

72 2575 149 2621 sediles
159 2575 297 2624 admonent!
315 2592 394 2640 quum,
409 2577 429 2625 si
441 2574 659 2638 steteruresn'xcius,
670 2569 765 2615 'tulvi

61 2638 206 2688 habendum!
222 2642 264 2700 As
275 2644 382 2704 hercule,
392 2662 466 2696 nemo
478 2643 564 2699 reteri„
573 2634 781 2705 quodltulquJ·

53 2704 126 2748 lernae
137 2705 188 2767 opis
198 2707 302 2774 indiget,
322 2715 392 2780 quod
403 2716 458 2768 vite
468 2712 561 2784 populi
568 2703 801 2763 &¹2³⁸le
