1680 2910
108 142 156 187 144
189 133 381 185 ANNALIUM
397 131 632 183 mineram,
660 137 779 186 nemra.

107 270 177 316 exitio
199 274 320 328 repertum,
342 271 366 312 et
386 266 460 326 poenis
482 265 572 326 quidem
590 279 706 327 nunquam
720 266 776 313 satis

107 334 236 386 ω’ἑτοίῑιιῐη,
248 347 288 393 per
298 330 552 392 praemineliciebantur.

139 395 239 445 XXXI
256 395 356 443 Histam
368 394 469 449 assiduis,
481 402 571 454 tamque
578 395 673 450 moestrs,
685 370 776 444 modica

105 463 185 511 laetitia
195 462 333 523 interjicitur,
345 460 405 520 quod
418 457 446 507 C
455 457 593 534 Cqminmm,
610 460 709 520 equitem
720 459 772 508 Ro-

104 542 204 582 manum,
220 525 344 588 probrosi'
338 540 362 571 m
378 541 402 570 se
418 525 523 570 carminis
538 525 675 584 convictum,
693 523 775 573 Caesar

104 593 207 655 precibus
226 590 307 644 fratris,
327 590 365 650 qui
383 596 473 635 senator
492 595 547 643 erat,
565 591 683 636 concessit.
718 589 779 644 Quo.

103 659 178 720 magis
188 657 270 702 mimm
285 655 411 708 habebatur,
429 669 524 715 gnarum
538 654 664 709 meliorum,
681 661 705 701 et
720 671 773 716 quae

103 723 164 770 fama
175 721 316 768 clementiam
327 727 466 780 sequeretur,
484 719 583 766 tristiora
596 719 680 766 malle:
699 735 773 781 neque

104 788 164 834 enim
182 783 283 833 socordIa
298 784 417 847 peecubst3
434 799 476 830 nec
493 784 606 831 occultum
623 790 664 838 est,
682 785 772 844 quando

104 866 135 899 ex
145 852 245 903 veritate,
263 849 351 910 quando
362 847 492 895 adumbrata
502 847 588 905 laetitia,
605 848 681 895 facta
675 864 771 911 rmpera·

104 924 180 964 torum
186 915 335 961 celebrentur:
349 914 402 975 quin
407 915 460 975 ipse,
468 915 606 976 compositus
611 914 672 969 alias,
681 915 771 961 etvclut

104 981 251 1028 eluctantium
259 979 386 1032 verborum,
401 979 496 1025 solutius
511 980 670 1040 promtiuaque
676 979 770 1040 eloque-

104 1047 176 1099 batur,
191 1045 280 1105 quoties
295 1043 430 1090 subveniret.
464 1044 497 1091 At
515 1043 542 1090 P.
551 1045 654 1099 Suilium,
669 1052 769 1105 quaesto·

104 1126 152 1157 rem
164 1110 277 1171 quondam
289 1108 426 1162 Germanici
443 1123 494 1155 cum
506 1107 573 1156 lant
582 1117 702 1165 arceretur,
714 1125 776 1158 con·-

103 1177 185 1230 victus,
201 1174 319 1236 pecuniam
336 1175 365 1221 ob
381 1188 428 1220 rem
437 1173 581 1235 judicandam
594 1175 686 1236 cepisse,
706 1190 775 1222 amo-.

104 1241 203 1289 nendum
214 1241 237 1285 in
248 1239 346 1285 insulam
357 1237 450 1293 censuit,
463 1237 526 1285 tanti
537 1239 682 1286 contentione
692 1241 769 1294 animi,

103 1315 130 1354 ut
146 1313 170 1353 et
180 1304 279 1367 jurando
293 1304 450 1365 obstringeret,
466 1318 480 1349 e
491 1304 566 1365 repub
575 1303 598 1350 id
609 1318 666 1350 esse.
701 1303 771 1358 Quod

105 1386 183 1433 aspere
194 1376 310 1430 acceptum
327 1368 355 1414 ad
369 1383 478 1429 praesens,
494 1383 548 1414 mox
559 1369 583 1414 in
593 1369 683 1416 laudem
694 1370 768 1423 vertit,

105 1451 209 1497 regresso
221 1434 306 1481 Suilior
326 1448 393 1493 quem
403 1433 460 1478 vidit
471 1448 566 1509 sequens
578 1441 633 1479 aetas
641 1441 769 1496 praepoten·
775 1490 779 1496 ¹

105 1510 158 1555 tem,
175 1500 285 1553 venalem,
298 1505 321 1544 et
333 1495 420 1546 claudii
431 1497 537 1559 principis
549 1497 646 1544 amicitia
657 1499 695 1545 diu
705 1515 768 1562 pros·

104 1581 166 1627 pere,
183 1579 297 1624 nunquam
312 1564 376 1616 bene,
393 1578 466 1608 usum.
498 1562 584 1610 Eadem
599 1578 669 1624 poena
683 1565 707 1610 in
720 1562 767 1612 Ca-

104 1639 153 1676 tum
173 1628 283 1676 Firmium
301 1635 427 1674 senatorem
445 1627 556 1681 statuitur,
574 1635 688 1690 tamquam
707 1629 774 1679 salsis.

104 1695 227 1757 majestatis
238 1693 367 1738 criminibus
378 1706 476 1737 sororem
490 1693 613 1753 petivisset.
648 1692 730 1750 Catus,
744 1700 770 1740 ut

104 1760 178 1811 retuli
190 1757 301 1805 Libonem
312 1758 413 1803 illexerat
420 1756 511 1810 rnsrdns
524 1757 611 1811 deinde,
623 1758 704 1804 indicio
716 1774 768 1820 per·

104 1824 203 1870 culerat:
223 1824 271 1884 ejus
284 1837 359 1883 operae
370 1837 457 1867 memor
468 1819 579 1875 Tiberius,
596 1823 636 1868 sed
652 1822 694 1869 alia
707 1838 768 1886 proe·

104 1889 206 1941 tendens,
224 1888 326 1933 exsilium
338 1886 468 1948 deprecatus
480 1894 528 1944 cst;
546 1902 591 1946 quo
603 1888 678 1933 minus
689 1894 769 1983 senatu

102 1953 229 2017 pelleretur,
241 1967 286 1997 non
298 1952 390 1998 obstitit

137 2014 249 2064 XXXII.
268 2015 379 2076 Pleraque
389 2031 474 2070 eorum,
486 2031 537 2076 quae
549 2017 614 2063 retuli
625 2031 722 2077 quaeque
733 2034 768 2065 re·

101 2084 180 2137 ieram,
198 2097 267 2142 parva
276 2080 369 2127 forsitan
385 2088 409 2126 et
422 2080 480 2128 levia
491 2093 615 2128 memoratu
627 2082 705 2137 viden‘,
723 2098 769 2130 non

102 2149 192 2194 nescius
204 2162 268 2192 sum:
289 2146 328 2191 sed
340 2161 406 2191 nemo
418 2146 519 2192 Annales
533 2156 622 2193 nostros
633 2163 685 2192 cum
698 2149 768 2209 scrip·

102 2211 242 2260 turicorum
258 2210 404 2265 contenderit,
421 2211 459 2270 qui
476 2219 563 2258 veteres
577 2212 653 2273 populi
668 2211 767 2259 Romani

104 2294 139 2324 res
154 2291 309 2336 composuere.
341 2273 448 2336 Ingentia
462 2275 494 2320 illi
508 2276 572 2330 bella,
587 2279 769 2337 expugnationes

103 2343 198 2394 urbium,
215 2340 278 2385 susos
295 2347 416 2400 captosque
433 2355 505 2400 reges,
528 2349 574 2394 aut,
592 2343 610 2387 si
629 2342 719 2401 quando
739 2344 768 2390 ad

101 2407 191 2453 interna
200 2410 368 2466 praeverterent,
385 2404 506 2451 discordias
517 2406 635 2452 consulum
647 2406 767 2453 adversum

101 2473 210 2523 tribunos,
233 2469 331 2530 agrarias
350 2468 550 2530 frumentariasque
567 2470 636 2532 leges,
655 2471 726 2532 plebis
744 2480 768 2519 et

100 2535 241 2598 optimatium
258 2534 420 2586 certaminar
405 2534 474 2579 libero
494 2550 586 2596 egressu
606 2537 768 2584 memorabant.

91 2601 191 2650 Nobis
184 2618 207 2649 rn
226 2609 289 2648 arcto
305 2607 331 2647 et
342 2599 456 2663 inglorius
466 2599 540 2646 luber
567 2598 672 2645 immota
680 2602 772 2672 quqqe,

82 2683 125 2719 aur
138 2671 235 2750 modice
248 2668 358 2731 lacessita
367 2681 424 2733 pax,
433 2672 529 2714 moestae
540 2661 671 2712 uenustas
684 2670 710 2705 et
719 2664 788 2719 qun„
