1680 2910
88 119 120 162 10
183 115 378 166 ANNALIUM
394 115 600 167 Lra1.Csr.15.
636 119 754 167 Ibe-761·

86 253 168 306 praeter
179 245 298 309 Lepidum,
309 248 376 295 variis
387 263 441 294 mox
452 248 588 302 criminibus,
597 254 698 295 struente
708 247 752 294 Ti·

86 311 182 365 berio,'
163 314 310 359 circumventi
321 321 380 360 sunt.
413 313 490 360 Etiam
503 313 534 368 Q
541 313 652 360 Haterius
662 320 685 360 et
696 312 752 360 Ma·

87 390 176 423 mercus
195 377 292 424 Scaurus
311 379 448 440 suspicacem
467 380 567 425 animum
575 376 749 440 perstrinxere:

86 438 206 496 Haterius,
219 458 270 488 cum
281 443 379 498 dixisset,
398 443 543 504 “Quousque
553 441 651 506 patieris,
664 441 752 498 Caesar,

89 520 135 551 nou
143 507 221 554 adesse
228 515 295 569 caput
304 507 466 570 reipublicae?”
485 509 588 563 Scaurus,
598 509 650 569 quia
657 509 752 562 dixerat,

88 585 151 632 spem
163 587 213 619 esse
224 588 254 620 ex
260 589 295 626 eo,
303 587 352 619 non
360 574 433 619 irritas
441 573 489 620 iore
498 573 588 620 senatuis
595 589 680 634 preces,
691 572 753 633 quod

89 636 191 682 relationi
204 637 320 684 consulum
327 639 379 699 jure
390 639 515 684 tribuniciae
525 640 642 699 potestatis
653 653 699 684 non
715 639 752 683 in·

89 703 234 758 tercessisset.
262 700 289 748 In
300 702 420 750 Haterium
429 704 613 750 statiminvectus
621 711 668 760 est;
681 703 753 749 Scau·
775 737 778 741 Α

89 780 140 811 rum
151 768 188 812 cui
199 767 357 828 implacabilius
366 769 506 823 irascebatur,
519 769 607 814 silentio
615 767 751 814 transmisit:

88 830 206 892 fessusque
217 832 314 878 clamore
328 834 437 888 omnium,
453 833 633 894 expostulatione
650 833 751 909 singulo-
787 867 790 872 .

91 911 147 971 rum,
159 896 223 942 flexit
233 897 345 958 paulatim,
358 912 403 944 non
415 908 440 944 ut
450 898 558 944 fateretur
564 912 645 959 suscrpr
654 913 667 943 a
676 913 700 943 se
708 899 752 942 im-

89 962 183 1023 perium,
197 962 236 1007 sed
248 971 272 1008 ut
283 978 367 1023 negare
377 971 400 1008 et
411 978 486 1025 rogan
479 964 615 1009 desineret.
648 961 752 1015 Constat,

91 1024 219 1081 Haterium,
231 1042 282 1072 cum
290 1027 421 1088 deprecandi
433 1026 501 1074 cuusd
512 1027 637 1074 Palatium'
631 1029 751 1079 introisset,

90 1091 266 1152 ambulantisque
285 1091 369 1139 'liberii
384 1108 459 1154 genua
475 1093 637 1146 advolveretur,
654 1107 723 1154 prope
739 1106 753 1136 a

91 1156 197 1202 militibus
208 1156 356 1213 interiectum,
368 1159 420 1218 quia
430 1157 540 1212 Tiberius,
552 1172 605 1203 casu
613 1172 641 1202 an
649 1157 752 1202 manibus

90 1222 139 1283 ejus
155 1222 281 1283 impeditus,
298 1223 429 1284 prociderat.
461 1222 544 1282 Neque
561 1229 637 1268 tamen
654 1221 753 1282 periculo

90 1286 141 1332 talis
159 1287 201 1332 viri
218 1287 335 1350 mitigatus
349 1296 389 1342 est,
407 1288 479 1333 donec
497 1287 605 1333 Haterius
623 1287 752 1348 Augustam

89 1360 171 1405 oraret,
180 1352 273 1412 eJusque
283 1353 427 1399 curatissimis
437 1353 538 1413 precibus
549 1358 711 1414 protegeretur.

125 1414 195 1462 XIV.
212 1416 288 1462 Multa
308 1426 395 1478 patrum
414 1423 437 1464 et
455 1418 478 1462 in
499 1416 627 1479 Augustam
649 1416 754 1463 adulatio.

90 1481 138 1526 Alii
157 1483 289 1533 Parentes,
308 1483 345 1528 alii
363 1483 463 1529 Matrem
478 1484 567 1543 patrm
586 1481 752 1543 appellandam

89 1546 197 1607 plerique,
216 1558 240 1592 ut
251 1547 336 1593 nomini
348 1545 446 1596 Caesaris
455 1548 617 1594 adscriberetur
632 1546 704 1594 Maka
714 1547 752 1611 fl·

88 1611 144 1665 lius,
156 1612 284 1658 censebant.
317 1610 366 1667 Ille,
377 1613 525 1660 moderandos
535 1611 668 1658 feminarum
680 1612 753 1657 hono·
797 1661 802 1670 .

91 1691 134 1729 res,
151 1677 202 1723 dict'
187 1682 261 1730 tutans,
279 1674 401 1738 eidemque
418 1693 442 1724 se
458 1675 605 1739 temperantia
621 1691 713 1722 usurum
730 1677 754 1722 in

90 1741 126 1796 iis,
142 1757 194 1802 quae
211 1742 251 1787 sibi
266 1742 427 1789 tribuerentur:
447 1749 554 1789 caetemm
567 1742 647 1789 anxius
663 1738 753 1796 invidia,

91 1812 115 1852 et
125 1806 233 1852 muliebre
243 1806 374 1867 fastigium'
369 1823 392 1853 rn
403 1807 577 1854 deminutionem
589 1807 623 1853 sui
634 1807 753 1868 accipiens,

91 1885 122 1916 ne
132 1870 233 1917 lictorem
246 1871 371 1931 quidem'
352 1887 372 1918 er
389 1871 478 1917 decerni
495 1886 573 1933 passus
584 1878 630 1927 est;
647 1886 754 1932 aramque

89 1935 222 1996 adoptionis,
234 1944 258 1981 et
268 1936 312 1981 alia
322 1936 481 1999 hujuscemodi,
493 1935 611 1997 prohibuit.
644 1935 677 1981 At
693 1937 753 1983 Ger·

91 2000 179 2046 manico
192 1999 278 2047 Caesari
288 2000 446 2061 proconsulare
455 2001 574 2062 imperium
585 1999 679 2060 petivit:
699 2002 753 2047 mis·

92 2065 156 2124 sique
167 2064 243 2126 legati,
260 2065 298 2125 qui
310 2064 428 2120 deferrent,
446 2065 511 2111 simul
526 2063 656 2110 moestitiam
667 2065 715 2125 ejus
727 2065 755 2111 ob

90 2143 209 2174 excessum
222 2128 322 2191 Augusti
333 2130 464 2176 solarentur.
499 2129 553 2183 Quo
560 2130 635 2175 minus
643 2128 702 2174 idern
713 2144 754 2189 pro

91 2191 170 2240 Druso
181 2195 337 2256 postularetur,
349 2210 376 2241 ea
382 2209 455 2247 causa,
467 2195 527 2255 quod
537 2194 668 2256 designatus
677 2193 756 2240 consul

91 2256 183 2305 Drusus
193 2274 337 2320 praesensque
348 2268 402 2306 erat.
435 2257 572 2306 Candidatus
582 2266 687 2320 praeturae
699 2258 755 2304 duo-

89 2322 163 2370 decim
182 2324 310 2378 uominavit,
327 2339 444 2369 numerum
461 2325 488 2369 ab
508 2324 615 2386 Augusto
631 2322 753 2369 traditumr

90 2395 121 2443 et,
134 2390 238 2435 hortante
245 2400 330 2442 senatu
342 2396 367 2434 ut
378 2395 476 2459 augeret,
483 2389 629 2451 jurejurando
636 2388 757 2435 obstrinxit

93 2468 124 2508 se,
136 2469 182 2499 non
194 2468 346 2499 excessurum.

124 2515 182 2563 XV.
199 2517 259 2564 Tum
275 2519 373 2580 primurn
391 2533 405 2564 e
423 2514 511 2579 Campo
530 2517 622 2562 comitia
638 2517 669 2562 ad
682 2525 761 2575 patres

77 2582 190 2630 translata
201 2591 272 2631 sunt·
293 2599 346 2632 nam
359 2584 454 2632 adeam
466 2583 535 2635 dem,
550 2581 595 2626 etsi
603 2579 727 2639 potissima
734 2592 774 2620 ar·

61 2642 270 2714 bitnbpn'ser'pr's,
288 2652 401 2716 quaedam
412 2660 498 2700 tamen
517 2645 604 2694 studius
621 2642 728 2686 tribuum
742 2637 790 2680 tie*
