1680 2910
91 124 191 165 J.c.14.
244 119 437 170 ANNALIUM
454 120 507 168 Lrn.
518 119 538 168 1.
551 118 610 170 Car.
622 124 661 169 21:
729 126 758 171 1³

93 249 209 299 Oaesarern
220 251 318 307 serenda,
330 254 376 299 aitz
396 267 468 312 neque
478 259 567 299 veteres
578 253 605 298 ab
616 253 756 314 imperatori·

92 317 133 364 bus
149 318 236 379 priscis,
253 333 325 379 neque
341 319 402 380 ipsos
418 333 431 363 a
445 317 620 379 divo-Augusto
637 325 682 364 tarn
697 334 757 367 nova

91 383 211 444 petivisse:
237 390 260 429 et
270 398 348 444 parum
358 383 381 428 in
397 391 498 443 tempore
508 382 639 442 incipientes
650 384 755 446 principis

91 461 156 494 ouras
173 449 268 495 onerari.
301 448 411 495 stramen
424 447 541 492 tenderent
555 448 578 492 in
594 463 649 508 pace
659 455 752 504 tentare,

90 526 142 572 quae
153 527 182 558 ne
193 512 291 559 civilium
309 513 397 573 quidem
411 511 520 558 bellorum
535 513 632 558 victores
645 523 753 574 expostu-

88 576 197 634 laverint;
215 592 264 634 eur,
276 585 354 624 contra
363 591 449 623 morem
458 577 564 636 obsequii,
573 584 649 622 contra
660 577 695 624 las
706 578 752 625 dis·

86 640 184 703 niplinoe,
195 642 242 688 vim
253 641 405 689 meditentur?
422 641 567 687 decernerent
576 642 670 703 legatos,
682 658 751 703 seque

88 720 164 762 eornm
175 708 281 753 mandata
289 707 374 754 darent.
406 704 574 760 Acclamavere,
582 714 607 752 ut
613 707 671 754 filius
680 706 750 755 Blaesi

88 771 190 817 tribunus
203 771 317 832 legatione
333 771 361 818 eb
373 771 511 832 fungeretur,
526 779 657 832 peteretque
673 773 750 818 militi·

14 835 17 842 ’
85 835 129 881 bus
140 837 270 883 missionem
277 837 304 883 ab
312 837 407 883 sedecim
417 838 491 883 annis:
511 845 592 883 caetera
599 837 750 894 mandaturos,

33 954 39 962 ,
87 900 379 962 ubiprimaprovenissent.
411 899 517 948 Profecto
526 903 618 962 juvene,
635 903 747 948 modicum

85 965 172 1011 otium:
192 967 232 1012 sed
243 967 355 1027 superbire
364 966 435 1019 miles,
446 967 506 1026 quod
516 966 575 1012 iilius
585 966 661 1028 legati,
674 975 750 1014 orator

85 1030 186 1091 publicae·
192 1045 273 1084 causae,
285 1032 339 1077 satis
347 1032 480 1083 ostenderet,
492 1032 624 1078 necessitate
635 1046 747 1095 expressa,

86 1109 138 1155 qnae
148 1110 188 1156 per
198 1096 330 1142 modestiam
341 1111 386 1143 non
396 1097 552 1143 obtinuissent.

118 1158 177 1205 XX.
195 1158 286 1207 Interea
303 1160 417 1222 manipuli,
433 1168 485 1207 ante
501 1159 597 1222 cceptam
614 1161 745 1207 seditionem

85 1222 229 1286 Nauportum
240 1226 303 1272 missi
314 1227 343 1272 ob
357 1227 437 1272 itinera
453 1232 476 1272 et
491 1234 570 1288 pontes
581 1234 604 1271 et
618 1226 673 1272 alios
685 1242 745 1282 usus,

82 1296 201 1351 postquam
213 1291 325 1338 turbatum
341 1291 455 1337 incastris
469 1289 579 1352 accepere,
596 1290 679 1336 vexilla
691 1305 746 1337 con-

82 1354 185 1413 veliunt3
209 1355 344 1418 direptisque
361 1357 469 1418 proximis
486 1357 547 1408 uicis,
568 1356 659 1416 ipsoque
679 1353 745 1401 Nau-

14 1419 17 1426 ’
80 1426 153 1482 porto,
171 1421 231 1481 quod
242 1422 356 1482 municipii
367 1422 437 1466 instar
449 1428 501 1476 erat,
515 1420 636 1466 retinentes
647 1421 745 1467 centuri-

82 1500 137 1532 ones
148 1486 215 1533 irrisu
222 1493 245 1532 et
256 1486 402 1538 contumeliis,
414 1495 527 1545 postremo
536 1485 661 1530 verberibus
670 1486 743 1532 insee-
815 1482 820 1494 ’

21 1563 24 1570 ·
82 1559 167 1597 tantur:
187 1549 300 1612 praecipui
310 1552 334 1597 in
345 1549 489 1597 Aufidienum
501 1549 594 1603 Rufum,
611 1549 742 1610 praefectum
764 1566 767 1571 ·

81 1623 213 1667 castrorum,
235 1613 276 1669 iri,
298 1630 364 1676 quem
384 1616 498 1675 dereptum
521 1615 630 1668 vehiculo,
651 1616 744 1663 sarcinis

34 1729 39 1740 ,
79 1686 183 1740 gravant,
201 1688 315 1741 aguntque
328 1681 400 1741 primo
416 1681 439 1724 in
455 1679 551 1740 agmine,
568 1694 608 1741 per
623 1679 741 1727 ludibrium
784 1722 786 1727 .

80 1745 214 1804 rogitantes,
225 1759 253 1790 an
263 1754 308 1791 tarn
319 1746 429 1792 immensa
439 1759 514 1798 onera,
526 1751 571 1789 tam
582 1745 651 1805 longa
662 1746 742 1794 itinera

70 1807 174 1855 libenter
184 1808 267 1855 ferret?
285 1809 374 1871 Quippe
385 1808 467 1862 Rufus,
479 1808 516 1855 diu
527 1810 677 1870 manipularis,
689 1810 740 1873 dein

44 1924 48 1932 ¹
77 1874 187 1926 centurio,
199 1889 253 1920 mox
264 1875 342 1920 castris
352 1865 478 1935 praelectus,
493 1875 605 1933 antiquam
618 1875 740 1935 duramque

58 1969 61 1975 -
76 1938 179 1984 militiam
191 1939 316 1993 revocabat,
327 1947 393 1984 vetus
403 1940 476 2000 operis
488 1955 514 1985 ao
525 1939 612 1993 laboris,
624 1947 646 1984 et
657 1954 684 1986 eo
696 1940 738 1985 inr-

76 2003 159 2055 rnitior,
171 2005 223 2064 qnia
234 2003 374 2050 toleraverat.
745 2035 749 2044 ι

100 2066 291 2114 'XX1.Horurn
310 2069 407 2115 adventu
427 2068 591 2130 redintegratur
608 2068 693 2122 seditio,
716 2075 740 2115 et
785 2093 787 2096 >

75 2133 127 2195 vagi
139 2130 283 2194 circumjecta
291 2134 460 2195 populabantur.
493 2132 582 2180 Blaesus
587 2148 677 2195 paucos,
689 2149 738 2180 ma·

33 2250 38 2262 .
58 2217 61 2221 ¹
74 2199 136 2244 xime
151 2196 228 2259 praedia
243 2206 344 2253 onusms,
361 2199 389 2245 ad
405 2207 512 2244 terrorem
527 2205 659 2244 caeterorum
679 2199 738 2246 affici

59 2253 63 2266 ⁹
73 2263 210 2316 verberibus,
225 2263 298 2309 claudi
309 2279 398 2310 carcere
403 2263 481 2325 jubet:
501 2278 552 2309 narn
563 2264 630 2309 etiam
643 2270 690 2309 tum
703 2264 737 2310 le·

44 2367 48 2377 ,
72 2335 127 2389 gato
138 2329 331 2375 acenturionibus
341 2336 365 2374 et
372 2329 456 2389 optimo
467 2343 556 2388 quoque
567 2329 737 2390 manipularium
781 2348 784 2354 ’

59 2414 61 2418 ·
72 2393 198 2453 parebatur.
232 2391 269 2439 lili
280 2394 349 2439 obniti
361 2393 506 2445 trahentibus,
523 2407 628 2455 prensare
639 2394 736 2440 circum·

42 2456 46 2462 '
71 2457 179 2503 stantium
202 2473 284 2519 genua,
306 2459 365 2508 ciere
385 2458 454 2506 modo
475 2459 572 2506 nomina
592 2458 752 2521 singulorum,

15 2535 17 2539 ’
69 2521 137 2566 modo
146 2524 269 2569 centuriam
279 2524 382 2589 quisque,
401 2528 468 2591 cujus
479 2526 638 2591 manipularis
648 2530 710 2576 erat,
721 2536 764 2594 soj

14 2594 27 2616 '
48 2583 149 2636 'hm'
160 2584 286 2647 Ῑθὲῗθηθω,
298 2590 394 2643 Eadem
408 2597 526 2646 omnibus
535 2595 681 2645 imminere,
691 2588 780 2634 blm*

43 2648 322 2717 ¹¹⁰²055¹8¹¹mtt1probra
330 2661 357 2711 ln
367 2663 485 2731 legatum
499 2663 645 2720 crumilum,
657 2654 760 2704 emittm
766 2660 799 2693 W

65 2717 117 2752 7οΒ
127 2722 146 2756 1.
551 2749 569 2782 c
