1680 2910
95 140 128 184 aa
192 132 385 183 saumana
403 132 483 182 nst
500 132 607 184 emsa.
639 100 760 188 aona.

95 265 187 321 estivis,
206 263 322 313 connecti
342 280 372 311 ex
389 265 473 312 viatico
495 266 618 313 amicorum
642 267 760 329 ipsiusque

96 328 196 378 cesaris
206 329 306 392 pecuffii,
325 331 495 391 persolveretur.
528 329 628 378 Primam
639 348 666 379 ac
676 333 759 381 viced-

95 410 156 441 mam
167 396 270 457 legiones
281 393 375 443 Caecina
383 395 472 457 legatia
483 395 506 440 in
517 396 632 443 civitatem
646 396 759 445 Ubiorum

95 460 192 513 reduxit,
205 462 265 522 turpi
275 461 372 522 agmine,
384 475 436 507 eum
445 459 502 516 fisci,
515 460 543 507 de
552 462 687 523 imperatore
695 464 760 525 rapti,

96 525 154 571 inter
165 526 231 587 signa
240 527 343 585 interque
350 525 434 586 aquilas
443 526 584 571 veherentur.
600 526 759 584 Germanicus,

95 591 232 650 superiorem
243 591 272 636 ad
281 591 404 636 exercitum
416 589 535 650 profectus,
546 591 669 637 secandam
676 599 701 638 et
712 601 759 639 ter-

94 655 266 701 tiamdecumam
293 659 326 700 et·
343 654 546 700 sextamdeeumarn
570 655 679 717 legiones,
703 657 761 704 nibil

95 727 217 775 cunctatas,
229 728 368 766 sacmmento
378 719 456 780 adigit
488 718 693 772 Quartodecumaui
703 736 760 784 pau·

94 784 142 830 lum
163 785 329 831 dubitaverant:
348 784 443 845 pecunia
456 790 480 829 et
497 785 574 830 missio
590 786 694 844 quamvis
712 800 761 835 non

98 848 251 909 flagitantibus
262 848 336 895 oblata
345 859 388 895 est.

129 910 281 960 XXXVIII.
298 913 332 959 At
342 915 365 960 in
377 911 476 961 Chaiicia
487 910 615 975 coeptavere
625 915 761 963 seditionem
785 912 789 921 '

95 979 224 1040 praesidium
238 980 350 1040 agitantes
364 978 473 1025 vexillarii
490 978 624 1025 discordium
635 980 760 1041 legionum,

96 1050 119 1089 et
137 1044 244 1105 praesenti
261 1044 356 1090 duorum
375 1043 471 1089 militum
489 1043 597 1105 supplicio
612 1044 703 1105 paulum
722 1060 761 1092 re·

96 1109 167 1170 pressi
176 1116 235 1156 sunt.
255 1108 357 1157 Jusserat
368 1109 391 1155 id
399 1108 514 1162 Menariae,
526 1118 651 1155 castrorum
662 1109 759 1171 praelec-

96 1180 140 1228 tus,
163 1175 222 1221 bono
241 1175 314 1236 magis
336 1173 446 1235 exemplo,
472 1188 538 1234 quam
561 1188 669 1221 concesso
687 1175 757 1236 juret

95 1238 181 1294 deinde,
201 1241 363 1286 intumescente
385 1245 455 1292 mota,
475 1237 585 1299 profugus
606 1250 759 1301 repertusque,

95 1312 213 1365 postquam
224 1306 305 1351 intutae
315 1304 413 1357 latebrae,
423 1303 551 1364 praesidiuan
561 1304 590 1349 ab
600 1302 693 1351 audacia
707 1319 759 1351 mu·

95 1375 185 1415 tuaturz
204 1377 250 1415 noa
260 1368 391 1429 praefectum
403 1369 431 1414 ab
441 1368 475 1423 iis,
492 1368 531 1414 sed
543 1368 705 1415 Germanicum
716 1369 760 1416 du·

95 1447 152 1489 cem,
165 1435 204 1480 sed
215 1432 330 1481 'liberium
345 1434 501 1494 imperatorem
512 1433 599 1479 violari.
632 1434 704 1481 Simul
715 1448 759 1481 ex·

95 1499 186 1553 territis,
202 1499 241 1559 qui
258 1499 396 1552 obstiterant,
416 1504 503 1559 raptum
520 1497 626 1545 vexillum
642 1498 671 1545 ad
687 1500 760 1561 ripam

94 1564 169 1618 vertit
181 1570 211 1616 et,
229 1564 309 1623 siquis
324 1563 415 1625 agmine
431 1563 569 1616 decessisset,
588 1578 630 1624 pro
645 1564 761 1626 desertore

94 1626 150 1683 iore,
164 1628 288 1683 clamitans,
300 1628 389 1675 reduxit
403 1629 427 1674 ia
445 1629 537 1674 hiberna
549 1628 648 1674 turbidos
665 1637 688 1675 et
704 1628 761 1675 nibil
788 1687 794 1700 .

96 1706 170 1739 ausos.

128 1756 253 1804 XXXIX.
276 1755 366 1804 Interea
384 1757 452 1819 legati
474 1759 502 1804 ab
521 1764 607 1811 senatu,
630 1772 759 1820 regressum

90 1824 139 1885 jam
150 1824 209 1884 apud
217 1823 289 1869 Aram
300 1823 410 1870 Ubiorum
416 1823 576 1869 Germanicam
588 1824 677 1869 adeunt.
695 1822 759 1870 Dure

93 1887 124 1933 ibi
133 1887 240 1950 legiones,
249 1889 392 1951 primaatque
403 1888 516 1941 vicesima,
524 1889 674 1949 veteranique,
686 1903 759 1949 nuper

94 1953 156 1999 missi
169 1954 209 2000 sub
221 1953 309 2007 vexillo,
321 1953 454 1999 hiemabant.
477 1951 576 1999 Pavidos
587 1960 610 1998 et
620 1950 760 2000 conscientib

94 2019 203 2065 vecordes
221 2019 290 2065 intrat
308 2025 388 2072 metus,
408 2018 497 2064 venisse
517 2026 606 2078 patrum
625 2018 697 2080 jussu,
720 2017 760 2079 qui
801 2023 805 2029 '

93 2083 157 2128 irrita
164 2083 270 2137 facerent,
282 2098 334 2144 quar
341 2098 381 2144 per
392 2082 524 2128 seditionem
534 2092 705 2143 expresserant:
720 2089 757 2128 at·

94 2162 139 2207 que
149 2163 200 2194 mos
209 2149 287 2210 vulgo,
298 2149 401 2208 quamvis
411 2147 472 2193 falsis
483 2162 546 2192 reum
558 2146 658 2200 subdere,
670 2147 758 2194 Muna-

94 2213 150 2258 tium
164 2212 280 2267 Plancum‚
300 2213 417 2260 consulatu
433 2207 551 2267 functum'
560 2213 682 2275 principem
693 2212 757 2273 lega·

94 2278 168 2331 tionis,
181 2286 294 2324 auctorem
306 2277 505 2325 senatis-consulti
518 2278 636 2323 incusant:
656 2283 679 2322 et
690 2285 759 2323 nocte

93 2341 204 2389 concubii
216 2344 331 2398 vexillum,
346 2343 369 2388 in
386 2343 453 2388 domo
465 2342 595 2389 Germanici
606 2343 681 2396 situm,
693 2340 760 2404 flagi-

94 2413 143 2452 tare
154 2408 282 2468 occipiunt:
302 2422 457 2466 concursuque
468 2407 495 2452 ad
507 2408 601 2469 januam
620 2406 688 2461 facto,
707 2422 758 2453 mo·

94 2471 179 2517 liuntur
200 2472 276 2528 fores3
298 2480 423 2519 attractum
447 2472 513 2518 cubili
535 2471 649 2519 Caesarem
671 2471 759 2518 tradere

93 2535 205 2596 veniliam,
217 2538 307 2586 intento
319 2539 400 2585 mortis
410 2544 482 2591 metu,
492 2537 616 2598 subrgunt:
632 2550 698 2588 mox.
706 2537 762 2594 uagi

71 2615 120 2660 per
131 2603 186 2658 vias,
208 2606 291 2654 obvios
307 2603 410 2654 habuere
426 2604 529 2667 legatos,
545 2597 626 2646 audita
640 2606 775 2642 consterna-

62 2666 136 2723 tione,
150 2671 184 2718 ad
195 2672 374 2724 Germanicum
394 2672 534 2722 tendentes
564 2662 691 2724 lugemm
704 2662 789 2702 eentu-
