1680 2910
79 144 135 185 ΜΞ.
146 141 178 185 16.
221 136 415 188 ANNALIUM
432 135 530 188 Lmlt
543 137 655 189 Canii·
718 144 750 191 53

80 271 184 335 quaeaita,
204 284 235 317 ne
249 270 301 333 quis
316 270 457 318 venientibus
477 277 611 326 occurreret,
627 285 657 317 ne
672 271 750 333 pulsos

81 342 208 401 premeret:
227 337 273 391 scd,
290 337 328 384 ubi
347 336 478 382 miscuerint
494 350 582 390 manua,
598 337 665 383 inane
684 336 750 385 vietis

80 410 202 449 ventorum
210 400 491 448 rernorumresubsidium.
510 400 749 450 Meminissentmodo

80 465 189 521 avaritiae,
204 465 348 520 crudelitatis,
363 466 488 527 superbiter
507 466 568 512 aliud
578 465 620 512 aibi
631 467 747 527 reliquum,

80 546 149 593 quam
160 538 239 578 tenere
248 531 381 585 libertatem,
392 538 432 577 sut
441 531 498 577 mori
510 537 563 577 ante
573 531 708 577 servitium?

115 594 196 673 XVI..
205 595 361 672 Sicaccenaos
371 602 395 642 et
408 595 512 657 proelinm
523 602 640 658 poscentes
651 596 674 641 in
686 610 747 673 carn-

79 675 142 773 ffl
154 658 456 787 31:2⁰3?waerss
464 659 643 787 mcuflztminli:
657 661 748 782 3331th

80 797 121 837 sut
134 790 287 852 prominentia
302 790 414 836 montium
431 790 545 845 resistunt,
561 790 702 850 inaequaliter
716 792 747 838 ai-

79 861 176 902 nnatur:
195 854 561 916 ponsterguminsurgehstailvs,
571 854 639 901 editis
646 855 669 900 in
675 856 747 902 situm

80 921 156 974 ramis,
173 926 198 966 et
206 917 264 982 puri
273 920 343 966 humo
358 920 530 967 interminorum
541 926 642 966 truncos.
675 917 745 969 cam-

80 999 136 1046 pum
154 992 179 1031 et
195 984 268 1046 prima
286 984 393 1031 siimrum
409 984 501 1031 barbara
519 984 578 1032 scies
597 984 684 1031 tenuit:
704 985 747 1032 scii

81 1046 192 1097 Cherusci
200 1050 259 1111 Jugs
267 1046 377 1102 insedire,
388 1055 414 1094 ut
424 1049 577 1110 proeliantibus
585 1047 697 1096 Romanis
705 1050 745 1097 dc·

80 1128 148 1176 super
165 1114 313 1160 incurrerant.
337 1112 432 1162 ‚Noster
450 1113 563 1160 exercitur
584 1114 616 1160 sic
635 1115 743 1162 incessite

79 1178 199 1226 auxiliares
216 1177 277 1226 Galli
296 1177 449 1239 Germanique
467 1179 491 1224 in
508 1178 595 1224 fronte:
617 1185 668 1241 post
687 1194 745 1238 quos

77 1243 165 1306 pedites
184 1242 307 1306 sagittariit
332 1243 384 1289 dein
402 1250 499 1304 qustuor
516 1243 624 1305 legiones,
647 1250 670 1289 et
691 1257 743 1291 cum

77 1307 166 1355 duabus
175 1308 287 1370 pretoriis
298 1309 425 1355 cohortibus
435 1322 462 1354 sc
473 1307 560 1355 deiecto
566 1308 641 1368 equite
650 1305 742 1355 Caessrr

79 1373 133 1421 exin
146 1373 242 1420 totidem
256 1374 308 1421 alite
321 1373 424 1436 lemones
439 1378 462 1419 ct
480 1373 537 1420 levis
556 1379 673 1427 armatura,
692 1386 744 1419 cum

78 1439 155 1499 equite
163 1438 286 1501 sagittario,
297 1445 431 1500 caeterscque
441 1438 553 1485 sociorum
564 1438 674 1484 cohortes.
704 1435 745 1484 ln·

77 1509 156 1550 tentus
170 1510 306 1565 paratusque
319 1503 391 1558 miles,
408 1511 434 1550 ut
449 1503 505 1550 crdc
522 1502 619 1565 agminis
637 1502 662 1548 in
673 1503 743 1550 aciem

76 1569 200 1616 canumet.

111 1631 197 1680 XVII.
213 1632 276 1680 Visis
286 1630 452 1681 Cheruscorum
460 1634 563 1686 catervis,
574 1647 625 1693 quae
635 1646 675 1693 per
682 1631 744 1680 iem·

75 1698 135 1745 eiam
146 1705 300 1761 pronrpcrsnt,
313 1698 462 1745 validissimos
473 1698 573 1758 equitum
584 1698 698 1743 incurrerc
709 1698 743 1744 ia-

75 1770 120 1820 tus,
134 1764 267 1811 Stertinium
278 1777 330 1809 cum
341 1764 428 1810 caeteris
439 1763 519 1808 turmis
529 1762 685 1823 circumgredi,
697 1770 743 1808 ter·

75 1842 151 1891 gaque
157 1829 264 1875 invadere
268 1829 339 1890 jubet,
350 1829 398 1889 ipsc
407 1828 429 1872 in
438 1834 539 1889 tempore
547 1826 670 1873 adfutums.
702 1825 742 1872 In·

74 1900 139 1941 terea
153 1894 328 1956 pulcherrimum
346 1893 472 1954 augurium,
492 1902 544 1938 octo
560 1892 647 1952 uquilae,
666 1898 744 1953 petere

74 1959 145 2006 silvas
160 1966 185 2006 et
201 1958 285 2005 intrare
301 1958 363 2012 visre,
381 1959 537 2019 imperatorem
552 1953 680 2003 advertite:
701 1970 742 2003 ex·

74 2024 164 2079 clamat,
185 2021 256 2078 Irent,
275 2029 420 2084 sequerentur
438 2021 555 2068 Romanus
571 2035 632 2074 ares,
652 2021 742 2082 pmpria

72 2088 192 2152 legionum
212 2089 312 2135 numina.
346 2087 418 2134 Simul
432 2087 542 2148 pedestris
561 2086 620 2132 acies
639 2086 741 2143 infertur,

71 2160 98 2201 et
116 2155 248 2216 prumissus
265 2168 334 2214 eques
351 2160 477 2215 postremos
499 2167 525 2197 uc
544 2151 620 2198 istem.
635 2151 737 2212 impulit:

73 2220 202 2280 mirumque
214 2220 281 2274 dictu,
298 2218 342 2265 duo
354 2218 452 2264 hostium
464 2217 563 2278 agmina,
579 2213 668 2262 diversi
677 2214 741 2278 fugi,

71 2286 112 2347 qui
127 2284 208 2331 silvam
218 2290 344 2338 tennerunt,
360 2282 385 2329 in
396 2291 479 2344 aperta,
495 2283 533 2342 qui
547 2281 632 2343 eampis
646 2281 739 2327 adstite-

68 2356 130 2405 rant,
147 2350 173 2395 in
189 2349 269 2397 silvam
285 2349 393 2394 ruebsnt=
412 2347 480 2393 medii
495 2347 554 2393 inter
571 2347 613 2392 ims
630 2343 740 2394 Cherusci

68 2414 166 2463 collibus
178 2414 364 2461 retrudebantur:
384 2415 443 2459 inter
453 2426 510 2471 quos
516 2411 612 2474 insignis
624 2410 741 2457 Arminius

68 2494 148 2535 manu,
165 2494 228 2534 voce,
245 2479 340 2525 vulnere
357 2478 496 2524 sustentabat
510 2491 628 2539 pugnsmz
644 2475 742 2520 trucum„

66 2553 162 2606 eratque
171 2544 302 2608 sagittariis,
311 2543 352 2594 ills
361 2552 481 2610 rupturus,
491 2536 761 2593 nnetsrnmumn*

55 2607 202 2671 litorumque
219 2617 245 2658 et
267 2612 370 2663 Gallicae
387 2615 508 2664 cohortes
530 2613 606 2676 signs
624 2604 784 2672 enimimpi-

44 2667 111 2723 ‹Nisu
121 2679 202 2725 umen
212 2681 326 2747 corporis
338 2691 364 2735 ct
375 2684 478 2752 impetu
490 2682 551 2747 eqni
561 2673 690 2797 {emunim
702 2662 801 2715 ‘tim‘

526 2766 542 2800 n
