1680 2910
46 225 154 288 ‘ren
226 203 359 293 namn.
374 241 575 293 usurarum.
675 250 725 297 249

58 380 144 431 ortum,
156 391 226 422 unum
240 376 309 440 plecti
322 377 383 423 haud
393 375 448 423 satis
457 377 538 423 visum.
571 373 602 431 Is,
615 382 640 422 ut
651 376 679 422 ad
688 375 724 423 sa·

58 439 133 495 cinus,
147 441 180 487 ita
189 442 217 488 ad
227 440 333 487 facinoris
344 455 423 503 poeuas
435 441 561 494 obduratus
578 455 629 486 eum
640 440 724 488 silentii

58 501 139 552 firmus
150 512 241 560 taceret,
253 511 346 567 rogatus
357 511 392 551 est
402 520 459 565 quos
468 505 602 566 vellegvere
613 511 656 553 aut,
665 504 723 556 falso

59 569 135 616 socios
145 570 278 632 appellaret:
298 585 392 630 spesque
410 569 487 615 salutis
498 584 524 615 ao
535 569 672 630 impunitatis
683 571 723 619 obe

57 633 114 680 lata.
145 634 192 681 Seu
207 649 263 695 quos
278 633 365 689 dixerit,
384 648 423 680 seu
439 649 496 694 quos
506 633 602 680 voluerit
613 634 722 696 princeps,

60 697 146 744 fuerint
157 699 273 760 suppositi,
285 697 410 745 Betilienus
421 697 515 754 Bassus,
528 705 626 758 quaestor
636 705 659 744 et
670 715 722 760 pro·

59 761 171 809 curatoris
184 763 248 818 filius,
262 770 375 809 senatores
387 778 482 822 quoque,
494 770 516 808 et
527 763 613 822 equites
624 762 724 812 Romani

53 828 218 888 surripiuntur.
246 827 271 873 N
272 843 297 873 ec
309 828 356 873 sita
364 827 457 889 Papinio
468 827 582 888 permissa,
595 827 722 889 sedexqui·

61 892 112 937 sitis
123 893 241 939 tormentis
253 899 345 938 enectus
356 899 397 939 est.
639 934 641 938 ,
710 923 721 943 s

59 992 64 999 .
95 954 171 1018 [Dein
182 959 285 1020 princeps
300 972 346 1003 non
361 958 497 1018 quaestionis,
510 957 549 1003 sed
564 958 631 1003 animi
646 955 722 1013 causi,

60 1029 157 1068 caeteros
164 1021 259 1084 flagellis
270 1023 355 1076 cecidit,
365 1021 466 1077 fidiculis,
473 1022 614 1075 tabularibus,
621 1023 722 1082 equuleo,

57 1088 122 1150 igne.
133 1087 197 1134 vultu
204 1102 244 1132 suo
251 1087 322 1149 torsit,
331 1086 353 1133 id
361 1102 431 1134 unum
438 1101 567 1148 praecavens
579 1101 608 1132 ne
619 1087 663 1132 cito
672 1101 722 1146 pere,

59 1151 128 1198 irent.
162 1152 267 1198 Gemitus
284 1167 381 1212 quoque,
403 1167 447 1198 una
468 1151 572 1213 patientis
591 1165 616 1197 ac
631 1152 723 1212 perituri

60 1216 160 1263 bominis
169 1217 253 1270 solatia,
262 1217 374 1273 invidens
387 1216 445 1263 sorte
453 1217 519 1262 etiarn
528 1216 641 1262 liberiores
647 1231 723 1270 uoces,

61 1296 118 1341 quas
129 1288 243 1327 extremus
253 1282 322 1335 dolor,
334 1297 376 1327 nec
387 1282 416 1328 ad
427 1296 486 1327 nova
492 1281 598 1342 supplicia
604 1287 724 1342 superstes,

61 1347 168 1400 mitteret,
181 1347 295 1400 reveritus,
307 1361 333 1391 os
344 1344 531 1408 insertdspongiei
540 1344 629 1398 includi,
641 1352 723 1390 etcum

59 1411 166 1471 spongiae
176 1425 222 1456 non
234 1411 392 1464 invenirentur,
404 1410 473 1456 scindi
484 1411 619 1459 vestimenta
629 1410 724 1455 misero·

18 1528 21 1530 v
60 1490 119 1528 rum,
137 1475 192 1520 etin
205 1490 230 1519 os
241 1473 314 1520 farciri
325 1489 411 1534 pannos
421 1475 549 1534 imperavit:
570 1474 659 1519 occluso
673 1473 722 1522 exi·

61 1549 121 1584 turae
134 1539 214 1585 animae
230 1539 288 1593 loco,
300 1539 323 1583 in
335 1537 438 1583 ultimum
455 1538 555 1600 spiritum
572 1540 652 1584 saevire
668 1553 722 1600 ges·

61 1604 129 1650 tiens.
349 1614 352 1621 '
676 1649 680 1654 ,

96 1665 160 1731 [Nee
171 1669 258 1730 expleta
269 1668 353 1715 diurnis
364 1668 481 1715 tormentis
492 1676 584 1716 cruenta
600 1669 719 1730 cupiditas:

60 1741 130 1780 nocte
140 1734 275 1788 continuata,
287 1750 316 1780 ne
327 1749 371 1792 qua
381 1740 440 1779 esset
450 1734 571 1794 voluptatis
581 1734 725 1780 intermissio.

61 1796 137 1859 Igitur
148 1799 172 1843 in
182 1807 249 1858 xysto
265 1805 415 1844 maternorum
426 1798 549 1852 hortorum,
564 1799 602 1858 qui
612 1798 724 1859 porticum

60 1878 76 1908 a
87 1860 135 1923 ripis
146 1870 240 1923 separat,
252 1863 396 1915 inambulans,
405 1863 513 1922 quosdam
524 1877 553 1908 ex
563 1863 607 1908 illis
614 1877 666 1910 eum
674 1878 723 1910 ma·

56 1927 135 1974 tronis
151 1935 218 1986 atque
229 1928 277 1974 aliis
288 1927 425 1974 senatoribus
437 1926 466 1973 ad
475 1927 589 1973 lucernam
600 1928 726 1974 decollavit.

61 1991 166 2038 Feralem
185 2007 275 2038 scenam
295 1992 382 2053 excepit
398 1998 463 2038 atrox
482 1991 607 2038 consilium.
643 1991 724 2039 Patres

62 2056 124 2102 enirn
136 2057 259 2102 occisorum
267 2055 345 2102 eidem
354 2063 426 2110 nocte,
436 2056 531 2102 dimissis
537 2071 577 2118 per
583 2057 662 2103 domos
670 2071 723 2102 cen·

60 2121 193 2177 tutionibus,
205 2119 307 2178 confecit,
320 2136 349 2167 ne
361 2120 454 2168 saevitiae
465 2121 635 2183 exprobratores
647 2121 724 2167 vivere

61 2192 184 2248 pateretur.

96 2247 156 2312 [Tot
170 2251 228 2296 inter
242 2257 326 2297 mortes
341 2265 432 2297 casuum
448 2251 592 2296 similitudine
606 2250 665 2296 haud
675 2263 724 2296 me·

61 2315 191 2371 morandas,
207 2330 252 2362 una
266 2316 351 2362 exstitit
365 2315 481 2377 insignior.
513 2314 595 2362 Jussus
606 2315 665 2360 enim
679 2311 724 2361 Ca·

61 2380 110 2442 pito
128 2378 167 2424 filii
185 2381 219 2424 sui
235 2381 298 2426 caedi
310 2380 424 2433 interesse,
442 2385 471 2426 et·
484 2394 539 2425 num
557 2379 638 2425 clausis
654 2378 725 2424 oculis

62 2444 143 2490 adesse
159 2444 236 2490 liceret
254 2446 402 2506 interrogans,
421 2445 495 2490 statim
512 2445 591 2505 mortis
609 2443 726 2489 damnatus

61 2514 104 2554 est.
133 2506 186 2555 Jam
198 2510 305 2570 supplicio
315 2509 437 2570 proximus,
449 2525 474 2555 se
484 2522 513 2553 ex
524 2508 645 2570 conjuratis
655 2522 726 2553 unum

60 2588 113 2619 esse
124 2573 244 2629 simulavit,
255 2573 361 2620 indicium
372 2573 492 2634 professus.
509 2571 655 2626 Atlaetitiam,
665 2570 725 2618 novi

62 2637 236 2683 occidendorum
248 2653 287 2699 spe
293 2638 432 2699 gliscentem,
442 2639 486 2685 cito
494 2637 609 2699 repressit,
614 2652 728 2682 cumeae·

57 2709 123 2748 ,tores
141 2702 256 2766 ducesque
271 2703 439 2768 corrjurationis
454 2702 583 2767 appellaret
592 2695 752 2764 parricidali·

50 2766 155 2814 bittinum
166 2770 298 2832 ministros,
311 2771 391 2822 Urbis
404 2759 781 2840 pretotruuuqueenxsmw
