<?xml version="1.0" encoding="UTF-8"?>
<!DOCTYPE html PUBLIC "-//W3C//DTD XHTML 1.0 Transitional//EN"
    "http://www.w3.org/TR/xhtml1/DTD/xhtml1-transitional.dtd">
<html xmlns="http://www.w3.org/1999/xhtml" xml:lang="en" lang="en">
 <head>
  <title>
</title>
<meta http-equiv="Content-Type" content="text/html;charset=utf-8" />
  <meta name='ocr-system' content='tesseract 3.04.00' />
  <meta name='ocr-capabilities' content='ocr_page ocr_carea ocr_par ocr_line ocrx_word'/>
</head>
<body>
  <div class='ocr_page' id='page_1' title='image "./ccorneliitaciti00obergoog_0318.png"; bbox 0 0 1680 2910; ppageno 0'>
   <div class='ocr_carea' id='block_1_1' title="bbox 75 260 752 322">
    <p class='ocr_par' dir='ltr' id='par_1_1' title="bbox 75 260 752 322">
     <span class='ocr_line' id='line_1_1' title="bbox 75 260 752 322; baseline 0.009 -5"><span class='ocrx_word' id='word_1_1' title='bbox 75 272 174 319; x_wconf 53' lang='lat' dir='ltr'>acar·</span> <span class='ocrx_word' id='word_1_2' title='bbox 213 260 661 318; x_wconf 69' lang='lat' dir='ltr'>ANNALIUMhnXI.csr.1s.</span> <span class='ocrx_word' id='word_1_3' title='bbox 704 275 752 322; x_wconf 82' lang='lat' dir='ltr'>stt</span> 
     </span>
    </p>
   </div>
   <div class='ocr_carea' id='block_1_2' title="bbox 53 393 774 2888">
    <p class='ocr_par' dir='ltr' id='par_1_2' title="bbox 71 393 753 1513">
     <span class='ocr_line' id='line_1_2' title="bbox 76 393 753 461; baseline 0 -12"><span class='ocrx_word' id='word_1_4' title='bbox 76 397 197 458; x_wconf 83' lang='lat' dir='ltr'>adventus,</span> <span class='ocrx_word' id='word_1_5' title='bbox 208 393 317 461; x_wconf 66' lang='lat' dir='ltr'>atoue&#39;eo</span> <span class='ocrx_word' id='word_1_6' title='bbox 327 397 410 461; x_wconf 76' lang='lat' dir='ltr'>magis,</span> <span class='ocrx_word' id='word_1_7' title='bbox 418 397 486 458; x_wconf 87' lang='lat' dir='ltr'>quod,</span> <span class='ocrx_word' id='word_1_8' title='bbox 499 397 568 447; x_wconf 82' lang='lat' dir='ltr'>nullis</span> <span class='ocrx_word' id='word_1_9' title='bbox 578 399 697 455; x_wconf 85' lang='lat' dir='ltr'>discordits</span> <span class='ocrx_word' id='word_1_10' title='bbox 707 404 753 452; x_wconf 80' lang='lat' dir='ltr'>im·</span> 
     </span>
     <span class='ocr_line' id='line_1_3' title="bbox 75 463 752 528; baseline 0.003 -13"><span class='ocrx_word' id='word_1_11' title='bbox 75 468 152 522; x_wconf 88' lang='lat' dir='ltr'>butus,</span> <span class='ocrx_word' id='word_1_12' title='bbox 170 467 218 528; x_wconf 88' lang='lat' dir='ltr'>psri</span> <span class='ocrx_word' id='word_1_13' title='bbox 229 467 253 512; x_wconf 90' lang='lat' dir='ltr'>in</span> <span class='ocrx_word' id='word_1_14' title='bbox 270 479 350 512; x_wconf 89' lang='lat' dir='ltr'>omnes</span> <span class='ocrx_word' id='word_1_15' title='bbox 367 463 442 511; x_wconf 86' lang='lat' dir='ltr'>studio</span> <span class='ocrx_word' id='word_1_16' title='bbox 454 471 547 526; x_wconf 85' lang='lat' dir='ltr'>ageret:</span> <span class='ocrx_word' id='word_1_17' title='bbox 567 466 681 524; x_wconf 68' lang='lat' dir='ltr'>celebrem,</span> <span class='ocrx_word' id='word_1_18' title='bbox 698 470 752 526; x_wconf 81' lang='lat' dir='ltr'>coli,</span> 
     </span>
     <span class='ocr_line' id='line_1_4' title="bbox 76 529 751 592; baseline 0.001 -13"><span class='ocrx_word' id='word_1_19' title='bbox 76 533 146 579; x_wconf 88' lang='lat' dir='ltr'>modo</span> <span class='ocrx_word' id='word_1_20' title='bbox 157 532 287 579; x_wconf 87' lang='lat' dir='ltr'>comitatem</span> <span class='ocrx_word' id='word_1_21' title='bbox 299 536 323 577; x_wconf 85' lang='lat' dir='ltr'>et</span> <span class='ocrx_word' id='word_1_22' title='bbox 333 529 506 592; x_wconf 75' lang='lat' dir='ltr'>tempemntiam</span> <span class='ocrx_word' id='word_1_23' title='bbox 517 530 574 577; x_wconf 87' lang='lat' dir='ltr'>ouili</span> <span class='ocrx_word' id='word_1_24' title='bbox 588 533 694 590; x_wconf 83' lang='lat' dir='ltr'>invisam,</span> <span class='ocrx_word' id='word_1_25' title='bbox 706 548 751 584; x_wconf 80' lang='lat' dir='ltr'>sss·</span> 
     </span>
     <span class='ocr_line' id='line_1_5' title="bbox 74 594 751 661; baseline 0.001 -18"><span class='ocrx_word' id='word_1_26' title='bbox 74 598 128 661; x_wconf 88' lang='lat' dir='ltr'>pius</span> <span class='ocrx_word' id='word_1_27' title='bbox 138 597 286 644; x_wconf 70' lang='lat' dir='ltr'><strong>vinolentiam</strong></span> <span class='ocrx_word' id='word_1_28' title='bbox 304 611 331 642; x_wconf 88' lang='lat' dir='ltr'>ac</span> <span class='ocrx_word' id='word_1_29' title='bbox 348 594 459 651; x_wconf 86' lang='lat' dir='ltr'>libidines,</span> <span class='ocrx_word' id='word_1_30' title='bbox 477 603 544 658; x_wconf 77' lang='lat' dir='ltr'>grata</span> <span class='ocrx_word' id='word_1_31' title='bbox 559 597 665 657; x_wconf 84' lang='lat' dir='ltr'>barbaris,</span> <span class='ocrx_word' id='word_1_32' title='bbox 683 614 751 649; x_wconf 56' lang='lat' dir='ltr'>uano</span> 
     </span>
     <span class='ocr_line' id='line_1_6' title="bbox 74 661 749 727; baseline 0.007 -18"><span class='ocrx_word' id='word_1_33' title='bbox 74 679 140 727; x_wconf 82' lang='lat' dir='ltr'>pens.</span> <span class='ocrx_word' id='word_1_34' title='bbox 172 662 272 723; x_wconf 80' lang='lat' dir='ltr'>Jamque</span> <span class='ocrx_word' id='word_1_35' title='bbox 290 661 350 722; x_wconf 84' lang='lat' dir='ltr'>apud</span> <span class='ocrx_word' id='word_1_36' title='bbox 366 661 490 724; x_wconf 86' lang='lat' dir='ltr'>proximos,</span> <span class='ocrx_word' id='word_1_37' title='bbox 502 662 552 724; x_wconf 82' lang='lat' dir='ltr'>Jam</span> <span class='ocrx_word' id='word_1_38' title='bbox 562 661 749 727; x_wconf 79' lang='lat' dir='ltr'>longiusclares·</span> 
     </span>
     <span class='ocr_line' id='line_1_7' title="bbox 74 728 749 792; baseline 0.006 -16"><span class='ocrx_word' id='word_1_39' title='bbox 74 744 134 784; x_wconf 87' lang='lat' dir='ltr'>cere,</span> <span class='ocrx_word' id='word_1_40' title='bbox 146 743 199 775; x_wconf 88' lang='lat' dir='ltr'>cum</span> <span class='ocrx_word' id='word_1_41' title='bbox 210 728 335 791; x_wconf 71' lang='lat' dir='ltr'>potentiam</span> <span class='ocrx_word' id='word_1_42' title='bbox 350 728 400 790; x_wconf 84' lang='lat' dir='ltr'>ejus</span> <span class='ocrx_word' id='word_1_43' title='bbox 414 734 577 789; x_wconf 81' lang='lat' dir='ltr'>suspectantes,</span> <span class='ocrx_word' id='word_1_44' title='bbox 593 729 632 792; x_wconf 89' lang='lat' dir='ltr'>qui</span> <span class='ocrx_word' id='word_1_45' title='bbox 642 729 749 780; x_wconf 71' lang='lat' dir='ltr'>fictioni·</span> 
     </span>
     <span class='ocr_line' id='line_1_8' title="bbox 74 792 749 858; baseline 0.003 -16"><span class='ocrx_word' id='word_1_46' title='bbox 74 795 118 842; x_wconf 91' lang='lat' dir='ltr'>bns</span> <span class='ocrx_word' id='word_1_47' title='bbox 129 793 261 848; x_wconf 84' lang='lat' dir='ltr'>floruerant,</span> <span class='ocrx_word' id='word_1_48' title='bbox 274 793 393 840; x_wconf 88' lang='lat' dir='ltr'>discedunt</span> <span class='ocrx_word' id='word_1_49' title='bbox 401 792 430 839; x_wconf 86' lang='lat' dir='ltr'>sd</span> <span class='ocrx_word' id='word_1_50' title='bbox 440 794 596 842; x_wconf 89' lang='lat' dir='ltr'>conterminos</span> <span class='ocrx_word' id='word_1_51' title='bbox 606 797 710 858; x_wconf 88' lang='lat' dir='ltr'>populos,</span> <span class='ocrx_word' id='word_1_52' title='bbox 722 812 749 847; x_wconf 86' lang='lat' dir='ltr'>ae</span> 
     </span>
     <span class='ocr_line' id='line_1_9' title="bbox 74 858 750 918; baseline 0.001 -11"><span class='ocrx_word' id='word_1_53' title='bbox 74 859 234 915; x_wconf 82' lang='lat' dir='ltr'>testificantur,</span> <span class='ocrx_word' id='word_1_54' title='bbox 246 859 314 906; x_wconf 87' lang='lat' dir='ltr'>adimi</span> <span class='ocrx_word' id='word_1_55' title='bbox 325 865 426 906; x_wconf 85' lang='lat' dir='ltr'>veterem</span> <span class='ocrx_word' id='word_1_56' title='bbox 435 858 568 906; x_wconf 76' lang='lat' dir='ltr'>Germaniae</span> <span class='ocrx_word' id='word_1_57' title='bbox 578 859 713 918; x_wconf 78' lang='lat' dir='ltr'>libertatem,</span> <span class='ocrx_word' id='word_1_58' title='bbox 724 870 750 911; x_wconf 89' lang='lat' dir='ltr'>et</span> 
     </span>
     <span class='ocr_line' id='line_1_10' title="bbox 74 924 749 988; baseline 0.004 -15"><span class='ocrx_word' id='word_1_59' title='bbox 74 924 195 973; x_wconf 77' lang='lat' dir='ltr'>Romanam</span> <span class='ocrx_word' id='word_1_60' title='bbox 206 939 260 988; x_wconf 84' lang='lat' dir='ltr'>opas</span> <span class='ocrx_word' id='word_1_61' title='bbox 271 925 405 988; x_wconf 80' lang='lat' dir='ltr'>insurgere:</span> <span class='ocrx_word' id='word_1_62' title='bbox 424 924 481 971; x_wconf 89' lang='lat' dir='ltr'>adeo</span> <span class='ocrx_word' id='word_1_63' title='bbox 492 925 614 982; x_wconf 82' lang='lat' dir='ltr'>neminem,</span> <span class='ocrx_word' id='word_1_64' title='bbox 632 927 716 976; x_wconf 74' lang='lat' dir='ltr'>iisdem*</span> <span class='ocrx_word' id='word_1_65' title='bbox 724 928 749 977; x_wconf 81' lang='lat' dir='ltr'>ia</span> 
     </span>
     <span class='ocr_line' id='line_1_11' title="bbox 73 989 748 1052; baseline 0.004 -13"><span class='ocrx_word' id='word_1_66' title='bbox 73 991 141 1039; x_wconf 88' lang='lat' dir='ltr'>terris</span> <span class='ocrx_word' id='word_1_67' title='bbox 153 999 237 1049; x_wconf 90' lang='lat' dir='ltr'>ortum,</span> <span class='ocrx_word' id='word_1_68' title='bbox 251 991 290 1051; x_wconf 91' lang='lat' dir='ltr'>qui</span> <span class='ocrx_word' id='word_1_69' title='bbox 308 990 433 1052; x_wconf 87' lang='lat' dir='ltr'>princtpem</span> <span class='ocrx_word' id='word_1_70' title='bbox 446 989 522 1036; x_wconf 87' lang='lat' dir='ltr'>locum</span> <span class='ocrx_word' id='word_1_71' title='bbox 534 990 632 1052; x_wconf 84' lang='lat' dir='ltr'>impleat,</span> <span class='ocrx_word' id='word_1_72' title='bbox 650 994 694 1040; x_wconf 85' lang='lat' dir='ltr'>nisi</span> <span class='ocrx_word' id='word_1_73' title='bbox 705 1007 748 1042; x_wconf 83' lang='lat' dir='ltr'>ex·</span> 
     </span>
     <span class='ocr_line' id='line_1_12' title="bbox 89 1055 748 1119; baseline 0.005 -16"><span class='ocrx_word' id='word_1_74' title='bbox 89 1057 194 1104; x_wconf 85' lang='lat' dir='ltr'>torstoris</span> <span class='ocrx_word' id='word_1_75' title='bbox 207 1055 281 1103; x_wconf 77' lang='lat' dir='ltr'>Flavii</span> <span class='ocrx_word' id='word_1_76' title='bbox 291 1056 414 1119; x_wconf 82' lang='lat' dir='ltr'>progenies</span> <span class='ocrx_word' id='word_1_77' title='bbox 428 1070 496 1118; x_wconf 88' lang='lat' dir='ltr'>supra</span> <span class='ocrx_word' id='word_1_78' title='bbox 506 1062 602 1104; x_wconf 85' lang='lat' dir='ltr'>cunctos</span> <span class='ocrx_word' id='word_1_79' title='bbox 613 1058 748 1106; x_wconf 72' lang='lat' dir='ltr'><strong>attollatur?</strong></span> 
     </span>
     <span class='ocr_line' id='line_1_13' title="bbox 73 1072 747 1184; baseline 0.004 -15"><span class='ocrx_word' id='word_1_80' title='bbox 73 1072 171 1170; x_wconf 51' lang='lat' dir='ltr'>{irustra</span> <span class='ocrx_word' id='word_1_81' title='bbox 183 1122 314 1169; x_wconf 82' lang='lat' dir='ltr'>Arminium</span> <span class='ocrx_word' id='word_1_82' title='bbox 326 1121 455 1184; x_wconf 69' lang='lat' dir='ltr'>prescribi:</span> <span class='ocrx_word' id='word_1_83' title='bbox 475 1121 540 1183; x_wconf 85' lang='lat' dir='ltr'>cujus</span> <span class='ocrx_word' id='word_1_84' title='bbox 551 1121 570 1168; x_wconf 93' lang='lat' dir='ltr'>si</span> <span class='ocrx_word' id='word_1_85' title='bbox 586 1119 652 1179; x_wconf 85' lang='lat' dir='ltr'>fliius,</span> <span class='ocrx_word' id='word_1_86' title='bbox 669 1124 747 1172; x_wconf 81' lang='lat' dir='ltr'>hostili</span> 
     </span>
     <span class='ocr_line' id='line_1_14' title="bbox 72 1186 746 1249; baseline 0.003 -15"><span class='ocrx_word' id='word_1_87' title='bbox 72 1188 98 1234; x_wconf 87' lang='lat' dir='ltr'>in</span> <span class='ocrx_word' id='word_1_88' title='bbox 110 1189 159 1235; x_wconf 89' lang='lat' dir='ltr'>solo</span> <span class='ocrx_word' id='word_1_89' title='bbox 167 1189 264 1243; x_wconf 89' lang='lat' dir='ltr'>adultus,</span> <span class='ocrx_word' id='word_1_90' title='bbox 276 1188 301 1233; x_wconf 87' lang='lat' dir='ltr'>in</span> <span class='ocrx_word' id='word_1_91' title='bbox 312 1201 410 1249; x_wconf 86' lang='lat' dir='ltr'>regnum</span> <span class='ocrx_word' id='word_1_92' title='bbox 421 1186 528 1241; x_wconf 84' lang='lat' dir='ltr'>venisset,</span> <span class='ocrx_word' id='word_1_93' title='bbox 540 1200 608 1247; x_wconf 88' lang='lat' dir='ltr'>posse</span> <span class='ocrx_word' id='word_1_94' title='bbox 618 1188 746 1249; x_wconf 84' lang='lat' dir='ltr'>extimesci,</span> 
     </span>
     <span class='ocr_line' id='line_1_15' title="bbox 72 1251 744 1309; baseline 0.003 -9"><span class='ocrx_word' id='word_1_95' title='bbox 72 1252 183 1301; x_wconf 84' lang='lat' dir='ltr'>infectum</span> <span class='ocrx_word' id='word_1_96' title='bbox 196 1253 310 1308; x_wconf 89' lang='lat' dir='ltr'>alimonio,</span> <span class='ocrx_word' id='word_1_97' title='bbox 322 1253 425 1309; x_wconf 84' lang='lat' dir='ltr'>servitio,</span> <span class='ocrx_word' id='word_1_98' title='bbox 433 1251 504 1307; x_wconf 89' lang='lat' dir='ltr'>cultu,</span> <span class='ocrx_word' id='word_1_99' title='bbox 514 1252 618 1299; x_wconf 88' lang='lat' dir='ltr'>omnibus</span> <span class='ocrx_word' id='word_1_100' title='bbox 629 1255 744 1302; x_wconf 79' lang='lat' dir='ltr'>externis:</span> 
     </span>
     <span class='ocr_line' id='line_1_16' title="bbox 71 1316 744 1381; baseline 0.001 -15"><span class='ocrx_word' id='word_1_101' title='bbox 71 1326 104 1376; x_wconf 85' lang='lat' dir='ltr'>at,</span> <span class='ocrx_word' id='word_1_102' title='bbox 126 1320 144 1366; x_wconf 91' lang='lat' dir='ltr'>si</span> <span class='ocrx_word' id='word_1_103' title='bbox 156 1325 250 1381; x_wconf 86' lang='lat' dir='ltr'>paterna</span> <span class='ocrx_word' id='word_1_104' title='bbox 269 1316 350 1364; x_wconf 87' lang='lat' dir='ltr'>Italico</span> <span class='ocrx_word' id='word_1_105' title='bbox 368 1331 434 1363; x_wconf 89' lang='lat' dir='ltr'>mens</span> <span class='ocrx_word' id='word_1_106' title='bbox 445 1323 511 1372; x_wconf 78' lang='lat' dir='ltr'>esset,</span> <span class='ocrx_word' id='word_1_107' title='bbox 531 1331 578 1364; x_wconf 89' lang='lat' dir='ltr'>non</span> <span class='ocrx_word' id='word_1_108' title='bbox 589 1317 658 1366; x_wconf 87' lang='lat' dir='ltr'>alium</span> <span class='ocrx_word' id='word_1_109' title='bbox 668 1319 744 1367; x_wconf 83' lang='lat' dir='ltr'>infen-</span> 
     </span>
     <span class='ocr_line' id='line_1_17' title="bbox 72 1381 744 1449; baseline -0.001 -17"><span class='ocrx_word' id='word_1_110' title='bbox 72 1385 120 1432; x_wconf 84' lang='lat' dir='ltr'>sius</span> <span class='ocrx_word' id='word_1_111' title='bbox 132 1399 195 1431; x_wconf 89' lang='lat' dir='ltr'>arma</span> <span class='ocrx_word' id='word_1_112' title='bbox 206 1389 285 1431; x_wconf 90' lang='lat' dir='ltr'>contra</span> <span class='ocrx_word' id='word_1_113' title='bbox 294 1384 391 1445; x_wconf 86' lang='lat' dir='ltr'>patriam</span> <span class='ocrx_word' id='word_1_114' title='bbox 403 1396 429 1428; x_wconf 89' lang='lat' dir='ltr'>ac</span> <span class='ocrx_word' id='word_1_115' title='bbox 441 1381 496 1429; x_wconf 85' lang='lat' dir='ltr'>deos</span> <span class='ocrx_word' id='word_1_116' title='bbox 506 1389 607 1445; x_wconf 89' lang='lat' dir='ltr'>penates,</span> <span class='ocrx_word' id='word_1_117' title='bbox 620 1399 687 1445; x_wconf 87' lang='lat' dir='ltr'>quam</span> <span class='ocrx_word' id='word_1_118' title='bbox 703 1399 744 1449; x_wconf 89' lang='lat' dir='ltr'>ps·</span> 
     </span>
     <span class='ocr_line' id='line_1_18' title="bbox 71 1446 378 1513; baseline -0.007 -16"><span class='ocrx_word' id='word_1_119' title='bbox 71 1446 161 1497; x_wconf 81' lang='lat' dir='ltr'>rentem</span> <span class='ocrx_word' id='word_1_120' title='bbox 173 1451 230 1513; x_wconf 83' lang='lat' dir='ltr'>ejus,</span> <span class='ocrx_word' id='word_1_121' title='bbox 241 1448 378 1495; x_wconf 66' lang='lat' dir='ltr'>execuisse.</span> 
     </span>
    </p>

    <p class='ocr_par' dir='ltr' id='par_1_3' title="bbox 66 1509 743 2431">
     <span class='ocr_line' id='line_1_19' title="bbox 105 1509 742 1576; baseline 0.002 -14"><span class='ocrx_word' id='word_1_122' title='bbox 105 1513 192 1562; x_wconf 89' lang='lat' dir='ltr'>XVII.</span> <span class='ocrx_word' id='word_1_123' title='bbox 212 1513 259 1560; x_wconf 89' lang='lat' dir='ltr'>His</span> <span class='ocrx_word' id='word_1_124' title='bbox 267 1520 335 1574; x_wconf 89' lang='lat' dir='ltr'>atque</span> <span class='ocrx_word' id='word_1_125' title='bbox 346 1513 427 1560; x_wconf 88' lang='lat' dir='ltr'>talibus</span> <span class='ocrx_word' id='word_1_126' title='bbox 438 1526 533 1575; x_wconf 86' lang='lat' dir='ltr'>magnas</span> <span class='ocrx_word' id='word_1_127' title='bbox 544 1513 620 1575; x_wconf 86' lang='lat' dir='ltr'>copias</span> <span class='ocrx_word' id='word_1_128' title='bbox 631 1509 742 1576; x_wconf 59' lang='lat' dir='ltr'>migitet</span> 
     </span>
     <span class='ocr_line' id='line_1_20' title="bbox 71 1577 743 1643; baseline -0.004 -14"><span class='ocrx_word' id='word_1_129' title='bbox 71 1595 115 1629; x_wconf 87' lang='lat' dir='ltr'>nec</span> <span class='ocrx_word' id='word_1_130' title='bbox 122 1581 240 1643; x_wconf 75' lang='lat' dir='ltr'>pauciores</span> <span class='ocrx_word' id='word_1_131' title='bbox 252 1577 358 1625; x_wconf 89' lang='lat' dir='ltr'>Italicum</span> <span class='ocrx_word' id='word_1_132' title='bbox 370 1578 533 1639; x_wconf 77' lang='lat' dir='ltr'>sequebantur:</span> <span class='ocrx_word' id='word_1_133' title='bbox 553 1593 600 1626; x_wconf 89' lang='lat' dir='ltr'>non</span> <span class='ocrx_word' id='word_1_134' title='bbox 612 1579 673 1626; x_wconf 89' lang='lat' dir='ltr'>enirn</span> <span class='ocrx_word' id='word_1_135' title='bbox 684 1579 743 1627; x_wconf 89' lang='lat' dir='ltr'>irru-</span> 
     </span>
     <span class='ocr_line' id='line_1_21' title="bbox 69 1643 743 1710; baseline -0.001 -16"><span class='ocrx_word' id='word_1_136' title='bbox 69 1647 131 1710; x_wconf 86' lang='lat' dir='ltr'>pisse</span> <span class='ocrx_word' id='word_1_137' title='bbox 142 1647 171 1694; x_wconf 84' lang='lat' dir='ltr'>ad</span> <span class='ocrx_word' id='word_1_138' title='bbox 181 1646 273 1700; x_wconf 82' lang='lat' dir='ltr'>invitos,</span> <span class='ocrx_word' id='word_1_139' title='bbox 291 1644 331 1692; x_wconf 85' lang='lat' dir='ltr'>sed</span> <span class='ocrx_word' id='word_1_140' title='bbox 344 1644 448 1698; x_wconf 87' lang='lat' dir='ltr'>accitum,</span> <span class='ocrx_word' id='word_1_141' title='bbox 465 1643 633 1691; x_wconf 87' lang='lat' dir='ltr'>memorabant:</span> <span class='ocrx_word' id='word_1_142' title='bbox 653 1645 743 1708; x_wconf 82' lang='lat' dir='ltr'>qnando</span> 
     </span>
     <span class='ocr_line' id='line_1_22' title="bbox 69 1709 743 1772; baseline 0.001 -14"><span class='ocrx_word' id='word_1_143' title='bbox 69 1712 188 1760; x_wconf 86' lang='lat' dir='ltr'>nobilitate</span> <span class='ocrx_word' id='word_1_144' title='bbox 198 1717 294 1759; x_wconf 85' lang='lat' dir='ltr'>caeteros</span> <span class='ocrx_word' id='word_1_145' title='bbox 306 1711 408 1764; x_wconf 86' lang='lat' dir='ltr'>anteiret,</span> <span class='ocrx_word' id='word_1_146' title='bbox 419 1709 528 1756; x_wconf 84' lang='lat' dir='ltr'>virtutem</span> <span class='ocrx_word' id='word_1_147' title='bbox 536 1710 701 1772; x_wconf 79' lang='lat' dir='ltr'>experirentur,</span> <span class='ocrx_word' id='word_1_148' title='bbox 712 1724 743 1759; x_wconf 86' lang='lat' dir='ltr'>sn</span> 
     </span>
     <span class='ocr_line' id='line_1_23' title="bbox 71 1771 742 1840; baseline -0.001 -15"><span class='ocrx_word' id='word_1_149' title='bbox 71 1778 166 1840; x_wconf 78' lang='lat' dir='ltr'>dignum</span> <span class='ocrx_word' id='word_1_150' title='bbox 178 1793 203 1824; x_wconf 91' lang='lat' dir='ltr'>se</span> <span class='ocrx_word' id='word_1_151' title='bbox 217 1784 298 1840; x_wconf 85' lang='lat' dir='ltr'>patruo</span> <span class='ocrx_word' id='word_1_152' title='bbox 313 1776 426 1830; x_wconf 88' lang='lat' dir='ltr'>Arminio,</span> <span class='ocrx_word' id='word_1_153' title='bbox 446 1789 491 1821; x_wconf 86' lang='lat' dir='ltr'>avo</span> <span class='ocrx_word' id='word_1_154' title='bbox 508 1771 642 1822; x_wconf 88' lang='lat' dir='ltr'>Cattumero</span> <span class='ocrx_word' id='word_1_155' title='bbox 653 1776 742 1838; x_wconf 74' lang='lat' dir='ltr'>ptoebe·</span> 
     </span>
     <span class='ocr_line' id='line_1_24' title="bbox 69 1839 741 1907; baseline -0.001 -17"><span class='ocrx_word' id='word_1_156' title='bbox 69 1851 120 1890; x_wconf 88' lang='lat' dir='ltr'>ret:</span> <span class='ocrx_word' id='word_1_157' title='bbox 128 1856 131 1861; x_wconf 91' lang='grc'><em>·</em></span> <span class='ocrx_word' id='word_1_158' title='bbox 141 1858 183 1890; x_wconf 90' lang='lat' dir='ltr'>nec</span> <span class='ocrx_word' id='word_1_159' title='bbox 190 1851 278 1907; x_wconf 87' lang='lat' dir='ltr'>patrem</span> <span class='ocrx_word' id='word_1_160' title='bbox 290 1841 372 1897; x_wconf 85' lang='lat' dir='ltr'>rubori,</span> <span class='ocrx_word' id='word_1_161' title='bbox 385 1840 446 1902; x_wconf 90' lang='lat' dir='ltr'>quod</span> <span class='ocrx_word' id='word_1_162' title='bbox 456 1839 525 1887; x_wconf 84' lang='lat' dir='ltr'>fidem</span> <span class='ocrx_word' id='word_1_163' title='bbox 536 1841 643 1888; x_wconf 85' lang='lat' dir='ltr'>adversus</span> <span class='ocrx_word' id='word_1_164' title='bbox 652 1840 741 1889; x_wconf 64' lang='lat' dir='ltr'>Romo</span> 
     </span>
     <span class='ocr_line' id='line_1_25' title="bbox 70 1906 742 1967; baseline -0.001 -12"><span class='ocrx_word' id='word_1_165' title='bbox 70 1923 120 1964; x_wconf 89' lang='lat' dir='ltr'>nos,</span> <span class='ocrx_word' id='word_1_166' title='bbox 131 1908 260 1956; x_wconf 75' lang='lat' dir='ltr'>volentibus</span> <span class='ocrx_word' id='word_1_167' title='bbox 270 1907 399 1962; x_wconf 84' lang='lat' dir='ltr'>Germanis,</span> <span class='ocrx_word' id='word_1_168' title='bbox 410 1911 515 1960; x_wconf 83' lang='lat' dir='ltr'>sumtum,</span> <span class='ocrx_word' id='word_1_169' title='bbox 526 1920 643 1967; x_wconf 86' lang='lat' dir='ltr'>nunquam</span> <span class='ocrx_word' id='word_1_170' title='bbox 651 1906 742 1954; x_wconf 82' lang='lat' dir='ltr'>omisIs·</span> 
     </span>
     <span class='ocr_line' id='line_1_26' title="bbox 69 1971 742 2033; baseline -0.004 -11"><span class='ocrx_word' id='word_1_171' title='bbox 69 1982 119 2022; x_wconf 80' lang='lat' dir='ltr'>ast:</span> <span class='ocrx_word' id='word_1_172' title='bbox 139 1973 198 2022; x_wconf 83' lang='lat' dir='ltr'>salso</span> <span class='ocrx_word' id='word_1_173' title='bbox 220 1974 329 2021; x_wconf 82' lang='lat' dir='ltr'>libertatis</span> <span class='ocrx_word' id='word_1_174' title='bbox 344 1971 479 2019; x_wconf 82' lang='lat' dir='ltr'>vocabulum</span> <span class='ocrx_word' id='word_1_175' title='bbox 496 1972 586 2018; x_wconf 84' lang='lat' dir='ltr'>obtendi</span> <span class='ocrx_word' id='word_1_176' title='bbox 602 1972 685 2027; x_wconf 81' lang='lat' dir='ltr'>ab‘iis,</span> <span class='ocrx_word' id='word_1_177' title='bbox 701 1972 742 2033; x_wconf 81' lang='lat' dir='ltr'>qui</span> 
     </span>
     <span class='ocr_line' id='line_1_27' title="bbox 67 2035 741 2103; baseline -0.007 -16"><span class='ocrx_word' id='word_1_178' title='bbox 67 2040 174 2103; x_wconf 87' lang='lat' dir='ltr'>privatim</span> <span class='ocrx_word' id='word_1_179' title='bbox 186 2041 317 2102; x_wconf 78' lang='lat' dir='ltr'>degeneres,</span> <span class='ocrx_word' id='word_1_180' title='bbox 335 2039 359 2084; x_wconf 90' lang='lat' dir='ltr'>in</span> <span class='ocrx_word' id='word_1_181' title='bbox 370 2038 485 2100; x_wconf 87' lang='lat' dir='ltr'>publicum</span> <span class='ocrx_word' id='word_1_182' title='bbox 501 2035 599 2095; x_wconf 81' lang='lat' dir='ltr'>exitiosi,</span> <span class='ocrx_word' id='word_1_183' title='bbox 618 2037 674 2083; x_wconf 88' lang='lat' dir='ltr'>nihii</span> <span class='ocrx_word' id='word_1_184' title='bbox 686 2037 741 2098; x_wconf 83' lang='lat' dir='ltr'>spei,</span> 
     </span>
     <span class='ocr_line' id='line_1_28' title="bbox 69 2101 742 2169; baseline -0.004 -17"><span class='ocrx_word' id='word_1_185' title='bbox 69 2107 112 2152; x_wconf 87' lang='lat' dir='ltr'>nisi</span> <span class='ocrx_word' id='word_1_186' title='bbox 124 2121 164 2169; x_wconf 87' lang='lat' dir='ltr'>per</span> <span class='ocrx_word' id='word_1_187' title='bbox 175 2105 304 2159; x_wconf 82' lang='lat' dir='ltr'>discordias,</span> <span class='ocrx_word' id='word_1_188' title='bbox 316 2105 420 2150; x_wconf 84' lang='lat' dir='ltr'>babeant.</span> <span class='ocrx_word' id='word_1_189' title='bbox 441 2103 593 2164; x_wconf 85' lang='lat' dir='ltr'>Adstrepebat</span> <span class='ocrx_word' id='word_1_190' title='bbox 604 2102 657 2148; x_wconf 86' lang='lat' dir='ltr'>huic</span> <span class='ocrx_word' id='word_1_191' title='bbox 668 2101 742 2149; x_wconf 77' lang='lat' dir='ltr'>alacre</span> 
     </span>
     <span class='ocr_line' id='line_1_29' title="bbox 67 2167 740 2234; baseline -0.006 -16"><span class='ocrx_word' id='word_1_192' title='bbox 67 2171 152 2234; x_wconf 73' lang='lat' dir='ltr'>vulgus</span> <span class='ocrx_word' id='word_1_193' title='bbox 161 2189 168 2229; x_wconf 79' lang='lat'>3</span> <span class='ocrx_word' id='word_1_194' title='bbox 187 2179 210 2218; x_wconf 91' lang='lat' dir='ltr'>et</span> <span class='ocrx_word' id='word_1_195' title='bbox 219 2186 310 2232; x_wconf 87' lang='lat' dir='ltr'>magno,</span> <span class='ocrx_word' id='word_1_196' title='bbox 321 2171 381 2215; x_wconf 91' lang='lat' dir='ltr'>inter</span> <span class='ocrx_word' id='word_1_197' title='bbox 391 2169 502 2220; x_wconf 85' lang='lat' dir='ltr'>barbaros,</span> <span class='ocrx_word' id='word_1_198' title='bbox 511 2167 593 2229; x_wconf 87' lang='lat' dir='ltr'>proeiio</span> <span class='ocrx_word' id='word_1_199' title='bbox 603 2167 678 2214; x_wconf 88' lang='lat' dir='ltr'>victor</span> <span class='ocrx_word' id='word_1_200' title='bbox 686 2181 740 2225; x_wconf 85' lang='lat' dir='ltr'>rex;</span> 
     </span>
     <span class='ocr_line' id='line_1_30' title="bbox 68 2232 740 2297; baseline -0.004 -15"><span class='ocrx_word' id='word_1_201' title='bbox 68 2236 120 2284; x_wconf 86' lang='lat' dir='ltr'>dein</span> <span class='ocrx_word' id='word_1_202' title='bbox 132 2234 232 2284; x_wconf 70' lang='lat' dir='ltr'>secundi</span> <span class='ocrx_word' id='word_1_203' title='bbox 245 2233 338 2282; x_wconf 71' lang='lat' dir='ltr'>fortunia</span> <span class='ocrx_word' id='word_1_204' title='bbox 347 2235 376 2281; x_wconf 89' lang='lat' dir='ltr'>ad</span> <span class='ocrx_word' id='word_1_205' title='bbox 384 2234 509 2296; x_wconf 87' lang='lat' dir='ltr'>superbiam</span> <span class='ocrx_word' id='word_1_206' title='bbox 520 2232 638 2295; x_wconf 89' lang='lat' dir='ltr'>prolapsus</span> <span class='ocrx_word' id='word_1_207' title='bbox 648 2232 740 2297; x_wconf 85' lang='lat' dir='ltr'>pulsus·</span> 
     </span>
     <span class='ocr_line' id='line_1_31' title="bbox 67 2297 741 2363; baseline -0.009 -14"><span class='ocrx_word' id='word_1_208' title='bbox 67 2317 121 2362; x_wconf 86' lang='lat' dir='ltr'>que,</span> <span class='ocrx_word' id='word_1_209' title='bbox 133 2317 160 2348; x_wconf 89' lang='lat' dir='ltr'>ac</span> <span class='ocrx_word' id='word_1_210' title='bbox 177 2317 255 2348; x_wconf 86' lang='lat' dir='ltr'>rursus</span> <span class='ocrx_word' id='word_1_211' title='bbox 271 2299 474 2363; x_wconf 85' lang='lat' dir='ltr'>Langobardorum</span> <span class='ocrx_word' id='word_1_212' title='bbox 486 2299 566 2360; x_wconf 88' lang='lat' dir='ltr'>opibus</span> <span class='ocrx_word' id='word_1_213' title='bbox 576 2297 683 2356; x_wconf 80' lang='lat' dir='ltr'>refectus,</span> <span class='ocrx_word' id='word_1_214' title='bbox 699 2311 741 2360; x_wconf 88' lang='lat' dir='ltr'>per</span> 
     </span>
     <span class='ocr_line' id='line_1_32' title="bbox 66 2364 617 2431; baseline -0.007 -17"><span class='ocrx_word' id='word_1_215' title='bbox 66 2367 125 2421; x_wconf 85' lang='lat' dir='ltr'>loeta,</span> <span class='ocrx_word' id='word_1_216' title='bbox 138 2382 179 2431; x_wconf 91' lang='lat' dir='ltr'>per</span> <span class='ocrx_word' id='word_1_217' title='bbox 189 2367 290 2422; x_wconf 81' lang='lat' dir='ltr'>adversa,</span> <span class='ocrx_word' id='word_1_218' title='bbox 302 2381 339 2413; x_wconf 89' lang='lat' dir='ltr'>res</span> <span class='ocrx_word' id='word_1_219' title='bbox 351 2364 479 2414; x_wconf 87' lang='lat' dir='ltr'>Cheruscas</span> <span class='ocrx_word' id='word_1_220' title='bbox 489 2364 617 2411; x_wconf 83' lang='lat' dir='ltr'>afflictabat.</span> 
     </span>
    </p>

    <p class='ocr_par' dir='ltr' id='par_1_4' title="bbox 53 2427 774 2888">
     <span class='ocr_line' id='line_1_33' title="bbox 102 2427 738 2492; baseline -0.006 -13"><span class='ocrx_word' id='word_1_221' title='bbox 102 2430 202 2480; x_wconf 84' lang='lat' dir='ltr'>XVIII.</span> <span class='ocrx_word' id='word_1_222' title='bbox 221 2432 267 2480; x_wconf 87' lang='lat' dir='ltr'>Per</span> <span class='ocrx_word' id='word_1_223' title='bbox 284 2433 343 2480; x_wconf 91' lang='lat' dir='ltr'>idem</span> <span class='ocrx_word' id='word_1_224' title='bbox 356 2439 446 2492; x_wconf 87' lang='lat' dir='ltr'>ternpus</span> <span class='ocrx_word' id='word_1_225' title='bbox 458 2429 553 2484; x_wconf 73' lang='lat' dir='ltr'>chutici,</span> <span class='ocrx_word' id='word_1_226' title='bbox 571 2427 634 2476; x_wconf 71' lang='lat' dir='ltr'>nulli</span> <span class='ocrx_word' id='word_1_227' title='bbox 650 2428 738 2475; x_wconf 84' lang='lat' dir='ltr'>dissert·</span> 
     </span>
     <span class='ocr_line' id='line_1_34' title="bbox 67 2492 740 2558; baseline -0.007 -13"><span class='ocrx_word' id='word_1_228' title='bbox 67 2499 132 2546; x_wconf 90' lang='lat' dir='ltr'>sione</span> <span class='ocrx_word' id='word_1_229' title='bbox 143 2499 211 2553; x_wconf 89' lang='lat' dir='ltr'>domi,</span> <span class='ocrx_word' id='word_1_230' title='bbox 221 2506 244 2544; x_wconf 92' lang='lat' dir='ltr'>et</span> <span class='ocrx_word' id='word_1_231' title='bbox 255 2505 329 2544; x_wconf 89' lang='lat' dir='ltr'>morte</span> <span class='ocrx_word' id='word_1_232' title='bbox 341 2496 457 2558; x_wconf 85' lang='lat' dir='ltr'>Sanquinii</span> <span class='ocrx_word' id='word_1_233' title='bbox 466 2497 558 2549; x_wconf 85' lang='lat' dir='ltr'>alacres,</span> <span class='ocrx_word' id='word_1_234' title='bbox 571 2495 624 2541; x_wconf 89' lang='lat' dir='ltr'>dum</span> <span class='ocrx_word' id='word_1_235' title='bbox 637 2492 740 2542; x_wconf 85' lang='lat' dir='ltr'>Corbulo</span> 
     </span>
     <span class='ocr_line' id='line_1_35' title="bbox 65 2557 740 2617; baseline -0.004 -8"><span class='ocrx_word' id='word_1_236' title='bbox 65 2565 180 2617; x_wconf 69' lang='lat' dir='ltr'>acirentat,</span> <span class='ocrx_word' id='word_1_237' title='bbox 198 2563 328 2609; x_wconf 82' lang='lat' dir='ltr'>inferiorem</span> <span class='ocrx_word' id='word_1_238' title='bbox 345 2562 493 2610; x_wconf 80' lang='lat' dir='ltr'>Germaniam</span> <span class='ocrx_word' id='word_1_239' title='bbox 511 2557 664 2617; x_wconf 73' lang='lat' dir='ltr'>incursavere,</span> <span class='ocrx_word' id='word_1_240' title='bbox 681 2559 740 2606; x_wconf 84' lang='lat' dir='ltr'>duce</span> 
     </span>
     <span class='ocr_line' id='line_1_36' title="bbox 67 2625 738 2690; baseline -0.01 -13"><span class='ocrx_word' id='word_1_241' title='bbox 67 2631 208 2687; x_wconf 82' lang='lat' dir='ltr'>Gannasco;</span> <span class='ocrx_word' id='word_1_242' title='bbox 226 2630 264 2690; x_wconf 93' lang='lat' dir='ltr'>qui</span> <span class='ocrx_word' id='word_1_243' title='bbox 273 2629 366 2674; x_wconf 87' lang='lat' dir='ltr'>natione</span> <span class='ocrx_word' id='word_1_244' title='bbox 379 2625 527 2682; x_wconf 81' lang='lat' dir='ltr'>Canninefas,</span> <span class='ocrx_word' id='word_1_245' title='bbox 539 2626 653 2674; x_wconf 76' lang='lat' dir='ltr'>auxillaris</span> <span class='ocrx_word' id='word_1_246' title='bbox 664 2631 688 2672; x_wconf 93' lang='lat' dir='ltr'>et</span> <span class='ocrx_word' id='word_1_247' title='bbox 699 2625 738 2671; x_wconf 93' lang='lat' dir='ltr'>diu</span> 
     </span>
     <span class='ocr_line' id='line_1_37' title="bbox 64 2690 739 2757; baseline -0.004 -17"><span class='ocrx_word' id='word_1_248' title='bbox 64 2696 167 2749; x_wconf 83' lang='lat' dir='ltr'>meritus,</span> <span class='ocrx_word' id='word_1_249' title='bbox 186 2701 238 2755; x_wconf 85' lang='lat' dir='ltr'>post</span> <span class='ocrx_word' id='word_1_250' title='bbox 255 2693 380 2757; x_wconf 80' lang='lat' dir='ltr'>transfuga,</span> <span class='ocrx_word' id='word_1_251' title='bbox 395 2693 483 2740; x_wconf 86' lang='lat' dir='ltr'>levibus</span> <span class='ocrx_word' id='word_1_252' title='bbox 495 2693 593 2755; x_wconf 78' lang='lat' dir='ltr'>navigiis</span> <span class='ocrx_word' id='word_1_253' title='bbox 603 2690 739 2754; x_wconf 76' lang='lat' dir='ltr'>praedabun-</span> 
     </span>
     <span class='ocr_line' id='line_1_38' title="bbox 63 2756 759 2822; baseline -0.009 -17"><span class='ocrx_word' id='word_1_254' title='bbox 63 2760 111 2815; x_wconf 85' lang='lat' dir='ltr'>dus,</span> <span class='ocrx_word' id='word_1_255' title='bbox 130 2760 251 2808; x_wconf 85' lang='lat' dir='ltr'>Gaiiorum</span> <span class='ocrx_word' id='word_1_256' title='bbox 263 2761 366 2810; x_wconf 76' lang='lat' dir='ltr'>maxIme</span> <span class='ocrx_word' id='word_1_257' title='bbox 378 2775 444 2810; x_wconf 82' lang='lat' dir='ltr'>oram</span> <span class='ocrx_word' id='word_1_258' title='bbox 456 2760 574 2814; x_wconf 58' lang='lat' dir='ltr'>iuuabat,</span> <span class='ocrx_word' id='word_1_259' title='bbox 581 2771 635 2802; x_wconf 82' lang='lat' dir='ltr'>non</span> <span class='ocrx_word' id='word_1_260' title='bbox 642 2756 759 2822; x_wconf 49' lang='grc' dir='ltr'>’κῳτκξὴ</span> 
     </span>
     <span class='ocr_line' id='line_1_39' title="bbox 53 2817 774 2888; baseline -0.017 -17"><span class='ocrx_word' id='word_1_261' title='bbox 53 2825 114 2872; x_wconf 85' lang='lat' dir='ltr'>dites</span> <span class='ocrx_word' id='word_1_262' title='bbox 130 2834 156 2876; x_wconf 87' lang='lat' dir='ltr'>et</span> <span class='ocrx_word' id='word_1_263' title='bbox 165 2828 275 2882; x_wconf 85' lang='lat' dir='ltr'>imbelles</span> <span class='ocrx_word' id='word_1_264' title='bbox 287 2846 351 2884; x_wconf 81' lang='lat' dir='ltr'>esse.</span> <span class='ocrx_word' id='word_1_265' title='bbox 388 2830 425 2882; x_wconf 75' lang='lat' dir='ltr'>at</span> <span class='ocrx_word' id='word_1_266' title='bbox 444 2826 556 2881; x_wconf 74' lang='lat' dir='ltr'>Corbubo</span> <span class='ocrx_word' id='word_1_267' title='bbox 568 2817 774 2888; x_wconf 55' lang='lat' dir='ltr'>procinctuum</span> 
     </span>
    </p>
   </div>
   <div class='ocr_carea' id='block_1_3' title="bbox 0 102 844 2910">
    <p class='ocr_par' dir='ltr' id='par_1_5' title="bbox 0 102 844 2910">
     <span class='ocr_line' id='line_1_40' title="bbox 0 102 844 2910; baseline 0 3"><span class='ocrx_word' id='word_1_268' title='bbox 0 102 844 2910; x_wconf 95' lang='lat' dir='ltr'> </span> 
     </span>
    </p>
   </div>
  </div>
 </body>
</html>
