1680 2910
88 133 136 178 120
168 126 362 176 ANNALIUM
378 126 432 175 Lm.
441 124 492 175 III.
504 125 563 177 Car.
573 131 617 175 64..
632 131 668 174 .U.
676 132 701 172 c.
710 135 757 180 755.

47 308 50 320 ,
86 259 448 321 TriviaereligIonemtuebantur.
475 258 552 306 Altius
560 259 756 306 Hierocaesarien-

86 341 122 373 ses
133 323 264 388 exposuere,
280 324 395 371 Persicam
406 324 464 386 apud
476 340 501 370 se
512 323 619 380 Dianam,
630 324 756 380 delubrum,

86 407 140 452 rege
157 389 227 451 Cyro,
248 390 361 437 dicatum:
387 395 411 435 et
426 390 607 436 memorabantur
624 389 755 451 Perpernae,

85 454 186 510 Isaurici,
197 454 332 516 multaque
324 454 383 501 alia'
377 463 538 515 imperatorum
549 455 647 510 nomina,
656 455 695 514 qui
707 470 754 501 non

86 520 155 566 modo
165 521 257 582 templo,
274 520 314 566 sed
330 520 416 566 duobus
426 519 524 566 millibus
533 535 639 581 passuum
651 520 755 566 eamdem

86 585 227 632 sanctitatem
239 585 369 631 tribuerant.
401 583 464 632 Exin
477 581 557 646 Cyprii
568 585 638 631 tribus
649 584 754 640 delubris,

85 665 181 710 qnorum
193 649 371 697 vetustiraimum
383 645 473 710 Paphiae
482 648 568 695 Veneri
579 657 657 696 auctor
668 649 753 704 AErias,

16 750 18 754 ,
85 723 137 776 post
146 713 233 762 tillus'
214 730 269 776 ejus,
280 714 400 769 Amathus,
413 713 656 769 VeneriAmathusiae,
667 722 691 761 et
699 714 761 763 Joviv

87 779 209 826 Salaminio
220 779 315 834 Teucer,
327 777 459 826 Telamonis
469 778 700 842 patnsiraprofugua,
711 793 760 842 po·-

85 845 190 891 suissent.

119 907 216 956 LXIII.
233 908 326 956 Auditae
343 909 436 956 aliarum
454 925 542 970 quoque
557 910 673 957 civitatum
689 909 752 971 lega·

86 974 167 1021 tiones.
201 973 306 1029 Quorum
320 972 385 1036 copiis
399 974 453 1020 fessi
467 982 547 1035 patres.
565 981 589 1022 et
603 975 656 1034 quia
673 976 753 1022 studiis

85 1041 217 1094 certabatur,
234 1040 363 1086 oonsulibus
377 1038 505 1100 permisere,
522 1047 548 1086 ut
563 1047 680 1101 perspecto
691 1041 751 1102 jure,

85 1113 109 1150 et
120 1105 192 1166 siqua
201 1105 308 1165 iniquitas
315 1105 473 1159 involveretur,
485 1119 533 1150 rern
541 1105 653 1166 Integram
661 1120 752 1151 rursum

84 1170 113 1216 ad
128 1177 231 1216 serratum
246 1169 368 1216 referrent:
387 1171 492 1217 consules
507 1184 573 1230 super
587 1184 627 1216 eas
641 1170 753 1225 civitates,

83 1249 139 1295 quas
150 1235 280 1290 memoravi,
291 1234 350 1296 apud
362 1233 500 1296 Pergamum
511 1234 637 1296 AEsculapii
648 1249 751 1296 comper-

84 1307 132 1345 tum
143 1300 238 1360 asylum,
256 1300 397 1355 retuleruut;
415 1307 509 1345 caeteros
521 1301 621 1346 obscuris
632 1299 661 1346 ob
672 1307 760 1346 vetus-1

83 1372 152 1410 tatem
164 1365 233 1410 initiis
243 1364 300 1409 niti:
320 1378 373 1410 nam
388 1364 520 1424 Smymaeos
532 1365 648 1411 oraculum
660 1364 750 1427 Apolli·

84 1430 126 1482 nis,
138 1430 201 1491 cujus
212 1429 306 1490 imperio
318 1429 463 1476 Stratonicidi
474 1428 560 1475 Veneri
571 1430 680 1491 templum
688 1430 749 1476 dica

82 1496 173 1551 verint;
190 1493 276 1541 Tenios
287 1494 388 1556 ejusdem
399 1508 489 1540 carmen
501 1493 590 1550 referre,
606 1510 651 1554 quo
662 1509 760 1541 sacrare*

84 1557 186 1619 Neptuni
198 1559 296 1620 effigiem
308 1559 424 1620 aedemque
430 1558 489 1621 jussi
500 1561 545 1605 sint
555 1577 560 1605 r
579 1561 685 1621 propiora
696 1559 750 1606 Sar-

82 1624 175 1669 dianos:
196 1623 320 1671 Alexandri
332 1625 424 1670 victoris
435 1624 457 1670 id
468 1624 565 1670 donum:
587 1639 659 1684 neque
674 1625 749 1671 minus

82 1687 188 1734 Milesios
200 1687 279 1735 Dario·
284 1705 339 1751 rege
350 1690 406 1746 niti;
426 1689 466 1736 sed
474 1691 547 1736 cuitus
555 1690 673 1735 numinum
683 1690 750 1737 utris·

83 1768 133 1811 que,
154 1751 253 1799 Dianam
269 1763 307 1800 aut
322 1724 452 1816 Apollinem
467 1755 597 1802 venerandi.
630 1754 713 1800 Petere
726 1761 750 1800 et

84 1815 206 1864 Cretenses
216 1819 336 1865 simulacro
347 1818 380 1867 D.
388 1819 496 1881 Augusti.
522 1818 637 1878 Factaque
645 1819 749 1866 senatus·

82 1882 194 1938 consulta,
213 1884 269 1943 quis,
291 1884 369 1930 multo.
385 1900 436 1930 cum
456 1886 547 1960 honore,
570 1884 652 1930 modus
674 1893 758 1931 tamen»

81 1948 297 2009 praescribebatur‚'
287 1950 390 2025 jussique
405 1950 458 2011 ipsis
474 1951 498 1995 in
513 1949 602 2025 templis
613 1947 684 2009 figere
696 1960 759 2002 aera..

82 2013 213 2060 sacrandam
230 2014 259 2060 ad
274 2015 413 2069 memoriam,
433 2030 478 2063 neu
497 2015 572 2076 specie
589 2014 731 2078 religionis'
725 2029 757 2059 rn-

81 2079 226 2125 ambitionem
239 2079 399 2126 delaberentur.

115 2141 210 2190 LXIV.
227 2143 274 2190 Sub
284 2145 344 2190 idem
364 2152 452 2205 tempus
469 2143 539 2192 Juliae
555 2143 749 2204 Augustaeuale-

82 2208 137 2253 tudo
148 2216 213 2254 atrox
224 2208 411 2254 necessitudinem
427 2209 522 2270 principi
538 2207 593 2254 fecit
607 2207 707 2254 festinati
725 2210 749 2254 iu

83 2271 170 2318 Urbem
182 2273 281 2329 reditds3
299 2272 386 2319 eluceri
397 2273 469 2319 adbuc
480 2275 539 2319 inter
554 2279 650 2319 matrem
665 2272 758 2319 filium--

82 2352 127 2396 que
148 2337 277 2389 concordii,
300 2338 348 2383 sire
369 2339 464 2384 occultis
485 2339 549 2384 odiis.
585 2337 669 2397 Neque
688 2338 749 2384 enirn

81 2401 154 2446 multo
165 2408 224 2455 ante,
235 2417 296 2458 cum,
308 2403 367 2449 haud
383 2403 461 2464 procul
472 2403 560 2449 theatro
575 2403 688 2455 Marcelli,
699 2402 757 2449 effi·-

80 2466 142 2526 giem
154 2464 187 2512 D
199 2467 304 2528 Augusto
323 2465 385 2514 Julia
402 2468 499 2522 dicaret,
510 2467 595 2514 Tiberii
607 2483 690 2513 nomen
707 2482 758 2513 suo,

77 2532 265 2607 postscripserat;
281 2532 348 2593 idque
359 2533 397 2578 ille
411 2534 547 2587 credebatur,
560 2542 584 2578 ut
595 2532 688 2579 inferius
699 2546 749 2578 ma·

64 2597 162 2658 jestate
171 2598 289 2661 principis,
307 2599 372 2662 graui
386 2606 410 2644 et
420 2597 558 2645 dissimulati
573 2598 698 2644 offensione
709 2597 748 2642 ab·

63 2660 160 2713 didisse.
199 2665 247 2716 Sed
263 2674 316 2717 tum
327 2665 443 2733 supplicia
455 2663 521 2723 uus,
533 2664 630 2722 ludique
639 2661 755 2720 magnius
