<?xml version="1.0" encoding="UTF-8"?>
<!DOCTYPE html PUBLIC "-//W3C//DTD XHTML 1.0 Transitional//EN"
    "http://www.w3.org/TR/xhtml1/DTD/xhtml1-transitional.dtd">
<html xmlns="http://www.w3.org/1999/xhtml" xml:lang="en" lang="en">
 <head>
  <title>
</title>
<meta http-equiv="Content-Type" content="text/html;charset=utf-8" />
  <meta name='ocr-system' content='tesseract 3.04.00' />
  <meta name='ocr-capabilities' content='ocr_page ocr_carea ocr_par ocr_line ocrx_word'/>
</head>
<body>
  <div class='ocr_page' id='page_1' title='image "./ccorneliitaciti00obergoog_0282.png"; bbox 0 0 1680 2910; ppageno 0'>
   <div class='ocr_carea' id='block_1_1' title="bbox 63 305 734 365">
    <p class='ocr_par' dir='ltr' id='par_1_1' title="bbox 63 305 734 365">
     <span class='ocr_line' id='line_1_1' title="bbox 63 305 734 365; baseline 0.007 -8"><span class='ocrx_word' id='word_1_1' title='bbox 63 313 162 357; x_wconf 53' lang='lat' dir='ltr'>Leda·</span> <span class='ocrx_word' id='word_1_2' title='bbox 183 358 185 365; x_wconf 61' lang='grc'>,</span> <span class='ocrx_word' id='word_1_3' title='bbox 225 306 339 358; x_wconf 69' lang='lat' dir='ltr'>amnt</span> <span class='ocrx_word' id='word_1_4' title='bbox 359 305 561 357; x_wconf 66' lang='lat' dir='ltr'>numanum.</span> <span class='ocrx_word' id='word_1_5' title='bbox 685 314 734 362; x_wconf 71' lang='grc'>278</span> 
     </span>
    </p>
   </div>
   <div class='ocr_carea' id='block_1_2' title="bbox 41 438 742 2792">
    <p class='ocr_par' dir='ltr' id='par_1_2' title="bbox 62 438 734 501">
     <span class='ocr_line' id='line_1_2' title="bbox 62 438 734 501; baseline 0.001 -11"><span class='ocrx_word' id='word_1_6' title='bbox 62 447 88 490; x_wconf 85' lang='lat' dir='ltr'>et</span> <span class='ocrx_word' id='word_1_7' title='bbox 98 439 192 489; x_wconf 84' lang='lat' dir='ltr'>Latium</span> <span class='ocrx_word' id='word_1_8' title='bbox 203 440 280 488; x_wconf 84' lang='lat' dir='ltr'>datum</span> <span class='ocrx_word' id='word_1_9' title='bbox 290 438 397 501; x_wconf 78' lang='lat' dir='ltr'>&#39;Ilpasaer</span> <span class='ocrx_word' id='word_1_10' title='bbox 417 438 573 488; x_wconf 87' lang='lat' dir='ltr'>Rusucurium</span> <span class='ocrx_word' id='word_1_11' title='bbox 589 440 680 490; x_wconf 83' lang='lat' dir='ltr'>civitate</span> <span class='ocrx_word' id='word_1_12' title='bbox 690 443 734 491; x_wconf 84' lang='lat' dir='ltr'>bo·</span> 
     </span>
    </p>

    <p class='ocr_par' dir='ltr' id='par_1_3' title="bbox 62 505 733 561">
     <span class='ocr_line' id='line_1_3' title="bbox 62 505 733 561; baseline -0.001 -4"><span class='ocrx_word' id='word_1_13' title='bbox 62 514 177 558; x_wconf 79' lang='lat' dir='ltr'>notatum.</span> <span class='ocrx_word' id='word_1_14' title='bbox 195 505 307 552; x_wconf 80' lang='lat' dir='ltr'>&#39;interim</span> <span class='ocrx_word' id='word_1_15' title='bbox 319 505 496 553; x_wconf 82' lang='lat' dir='ltr'>anlanorum</span> <span class='ocrx_word' id='word_1_16' title='bbox 507 520 582 561; x_wconf 85' lang='lat' dir='ltr'>manu,</span> <span class='ocrx_word' id='word_1_17' title='bbox 599 505 733 557; x_wconf 81' lang='lat' dir='ltr'>Numidiam</span> 
     </span>
    </p>

    <p class='ocr_par' dir='ltr' id='par_1_4' title="bbox 41 568 734 687">
     <span class='ocr_line' id='line_1_4' title="bbox 60 568 734 634; baseline 0 -13"><span class='ocrx_word' id='word_1_18' title='bbox 60 573 152 621; x_wconf 84' lang='lat' dir='ltr'>turbare</span> <span class='ocrx_word' id='word_1_19' title='bbox 171 569 232 627; x_wconf 84' lang='lat' dir='ltr'>ausd,</span> <span class='ocrx_word' id='word_1_20' title='bbox 248 568 310 619; x_wconf 78' lang='lat' dir='ltr'>vieti</span> <span class='ocrx_word' id='word_1_21' title='bbox 326 570 436 632; x_wconf 69' lang='lat' dir='ltr'>caesique,</span> <span class='ocrx_word' id='word_1_22' title='bbox 456 571 605 634; x_wconf 83' lang='lat' dir='ltr'>tranquillitas</span> <span class='ocrx_word' id='word_1_23' title='bbox 616 572 734 624; x_wconf 67' lang='lat' dir='ltr'>Numidia</span> 
     </span>
     <span class='ocr_line' id='line_1_5' title="bbox 41 637 202 687; baseline -0.012 0"><span class='ocrx_word' id='word_1_24' title='bbox 41 645 98 687; x_wconf 76' lang='lat' dir='ltr'>&#39;est</span> <span class='ocrx_word' id='word_1_25' title='bbox 108 637 202 686; x_wconf 84' lang='lat' dir='ltr'>reddita.</span> 
     </span>
    </p>

    <p class='ocr_par' dir='ltr' id='par_1_5' title="bbox 59 700 733 1607">
     <span class='ocr_line' id='line_1_6' title="bbox 93 700 731 768; baseline 0.003 -18"><span class='ocrx_word' id='word_1_26' title='bbox 93 701 215 768; x_wconf 86' lang='lat' dir='ltr'>[Romano</span> <span class='ocrx_word' id='word_1_27' title='bbox 232 701 325 748; x_wconf 86' lang='lat' dir='ltr'>nomine</span> <span class='ocrx_word' id='word_1_28' title='bbox 335 700 394 764; x_wconf 89' lang='lat' dir='ltr'>apud</span> <span class='ocrx_word' id='word_1_29' title='bbox 404 701 509 750; x_wconf 85' lang='lat' dir='ltr'>barbaros</span> <span class='ocrx_word' id='word_1_30' title='bbox 518 702 552 749; x_wconf 87' lang='lat' dir='ltr'>ita</span> <span class='ocrx_word' id='word_1_31' title='bbox 560 702 731 762; x_wconf 73' lang='lat' dir='ltr'>inclarescente,</span> 
     </span>
     <span class='ocr_line' id='line_1_7' title="bbox 59 765 733 831; baseline 0.001 -13"><span class='ocrx_word' id='word_1_32' title='bbox 59 765 733 831; x_wconf 75' lang='lat' dir='ltr'>fsmeinUrbelaborabstur,luxuetsuperstitibusCalanta</span> 
     </span>
     <span class='ocr_line' id='line_1_8' title="bbox 60 832 733 895; baseline 0.003 -13"><span class='ocrx_word' id='word_1_33' title='bbox 60 834 165 882; x_wconf 81' lang='lat' dir='ltr'>stultitiae</span> <span class='ocrx_word' id='word_1_34' title='bbox 172 833 272 895; x_wconf 88' lang='lat' dir='ltr'>reliquiis</span> <span class='ocrx_word' id='word_1_35' title='bbox 279 832 360 895; x_wconf 73' lang='lat' dir='ltr'>magis,</span> <span class='ocrx_word' id='word_1_36' title='bbox 371 847 437 893; x_wconf 84' lang='lat' dir='ltr'>quam</span> <span class='ocrx_word' id='word_1_37' title='bbox 445 840 556 880; x_wconf 88' lang='lat' dir='ltr'>terrarum</span> <span class='ocrx_word' id='word_1_38' title='bbox 562 833 733 884; x_wconf 79' lang='lat' dir='ltr'>infecunditate.</span> 
     </span>
     <span class='ocr_line' id='line_1_9' title="bbox 62 896 733 962; baseline 0 -14"><span class='ocrx_word' id='word_1_39' title='bbox 62 899 173 962; x_wconf 79' lang='lat' dir='ltr'>Princeps</span> <span class='ocrx_word' id='word_1_40' title='bbox 190 896 268 946; x_wconf 78' lang='lat' dir='ltr'>innati</span> <span class='ocrx_word' id='word_1_41' title='bbox 278 897 385 952; x_wconf 84' lang='lat' dir='ltr'>bonitate,</span> <span class='ocrx_word' id='word_1_42' title='bbox 402 906 509 959; x_wconf 84' lang='lat' dir='ltr'>metuque</span> <span class='ocrx_word' id='word_1_43' title='bbox 521 897 599 961; x_wconf 82' lang='lat' dir='ltr'>plebis,</span> <span class='ocrx_word' id='word_1_44' title='bbox 617 915 733 962; x_wconf 85' lang='lat' dir='ltr'>nunquam</span> 
     </span>
     <span class='ocr_line' id='line_1_10' title="bbox 60 961 732 1025; baseline 0.003 -13"><span class='ocrx_word' id='word_1_45' title='bbox 60 964 221 1019; x_wconf 77' lang='lat' dir='ltr'>insolentioris,</span> <span class='ocrx_word' id='word_1_46' title='bbox 239 978 306 1025; x_wconf 89' lang='lat' dir='ltr'>quam</span> <span class='ocrx_word' id='word_1_47' title='bbox 325 977 377 1010; x_wconf 88' lang='lat' dir='ltr'>cum</span> <span class='ocrx_word' id='word_1_48' title='bbox 396 961 424 1010; x_wconf 73' lang='lat' dir='ltr'>eis</span> <span class='ocrx_word' id='word_1_49' title='bbox 442 964 592 1011; x_wconf 86' lang='lat' dir='ltr'>tumultuandi</span> <span class='ocrx_word' id='word_1_50' title='bbox 613 967 732 1015; x_wconf 74' lang='lat' dir='ltr'>occasione</span> 
     </span>
     <span class='ocr_line' id='line_1_11' title="bbox 62 1027 732 1091; baseline 0.001 -14"><span class='ocrx_word' id='word_1_51' title='bbox 62 1031 169 1085; x_wconf 86' lang='lat' dir='ltr'>abutitur,</span> <span class='ocrx_word' id='word_1_52' title='bbox 193 1029 289 1091; x_wconf 85' lang='lat' dir='ltr'>publicae</span> <span class='ocrx_word' id='word_1_53' title='bbox 310 1028 412 1091; x_wconf 84' lang='lat' dir='ltr'>penuriae</span> <span class='ocrx_word' id='word_1_54' title='bbox 432 1029 456 1074; x_wconf 91' lang='lat' dir='ltr'>in</span> <span class='ocrx_word' id='word_1_55' title='bbox 477 1027 598 1091; x_wconf 80' lang='lat' dir='ltr'>praesentid</span> <span class='ocrx_word' id='word_1_56' title='bbox 619 1031 732 1089; x_wconf 73' lang='lat' dir='ltr'><strong>subvenit,</strong></span> 
     </span>
     <span class='ocr_line' id='line_1_12' title="bbox 63 1093 733 1158; baseline 0.003 -17"><span class='ocrx_word' id='word_1_57' title='bbox 63 1096 242 1158; x_wconf 79' lang='lat' dir='ltr'><strong>negotiatoribus</strong></span> <span class='ocrx_word' id='word_1_58' title='bbox 254 1094 311 1140; x_wconf 89' lang='lat' dir='ltr'>lucri</span> <span class='ocrx_word' id='word_1_59' title='bbox 326 1107 366 1156; x_wconf 86' lang='lat' dir='ltr'>spe</span> <span class='ocrx_word' id='word_1_60' title='bbox 381 1093 490 1148; x_wconf 80' lang='lat' dir='ltr'>excitatis,</span> <span class='ocrx_word' id='word_1_61' title='bbox 507 1101 531 1140; x_wconf 87' lang='lat' dir='ltr'>et</span> <span class='ocrx_word' id='word_1_62' title='bbox 547 1102 652 1158; x_wconf 85' lang='lat' dir='ltr'>suscepto</span> <span class='ocrx_word' id='word_1_63' title='bbox 668 1095 692 1142; x_wconf 89' lang='lat' dir='ltr'>in</span> <span class='ocrx_word' id='word_1_64' title='bbox 707 1112 733 1144; x_wconf 88' lang='lat' dir='ltr'>se</span> 
     </span>
     <span class='ocr_line' id='line_1_13' title="bbox 62 1158 732 1222; baseline 0.001 -14"><span class='ocrx_word' id='word_1_65' title='bbox 62 1161 153 1215; x_wconf 86' lang='lat' dir='ltr'>damno,</span> <span class='ocrx_word' id='word_1_66' title='bbox 170 1161 190 1207; x_wconf 88' lang='lat' dir='ltr'>si</span> <span class='ocrx_word' id='word_1_67' title='bbox 200 1160 254 1221; x_wconf 93' lang='lat' dir='ltr'>quid</span> <span class='ocrx_word' id='word_1_68' title='bbox 264 1174 304 1222; x_wconf 88' lang='lat' dir='ltr'>per</span> <span class='ocrx_word' id='word_1_69' title='bbox 314 1165 459 1220; x_wconf 88' lang='lat' dir='ltr'>tempestates</span> <span class='ocrx_word' id='word_1_70' title='bbox 476 1158 600 1207; x_wconf 82' lang='lat' dir='ltr'>accidisset.</span> <span class='ocrx_word' id='word_1_71' title='bbox 633 1158 732 1209; x_wconf 82' lang='lat' dir='ltr'>Facilius</span> 
     </span>
     <span class='ocr_line' id='line_1_14' title="bbox 62 1223 731 1290; baseline 0.001 -18"><span class='ocrx_word' id='word_1_72' title='bbox 62 1228 181 1290; x_wconf 82' lang='lat' dir='ltr'>majusque</span> <span class='ocrx_word' id='word_1_73' title='bbox 188 1226 366 1278; x_wconf 87' lang='lat' dir='ltr'>incitamentum,</span> <span class='ocrx_word' id='word_1_74' title='bbox 375 1225 473 1270; x_wconf 89' lang='lat' dir='ltr'>bonores</span> <span class='ocrx_word' id='word_1_75' title='bbox 481 1223 577 1271; x_wconf 78' lang='lat' dir='ltr'>addiditz</span> <span class='ocrx_word' id='word_1_76' title='bbox 594 1224 731 1288; x_wconf 76' lang='lat' dir='ltr'>civibusque,</span> 
     </span>
     <span class='ocr_line' id='line_1_15' title="bbox 61 1286 731 1353; baseline 0 -15"><span class='ocrx_word' id='word_1_77' title='bbox 61 1293 101 1353; x_wconf 89' lang='lat' dir='ltr'>qui</span> <span class='ocrx_word' id='word_1_78' title='bbox 119 1305 189 1338; x_wconf 83' lang='lat' dir='ltr'>naves</span> <span class='ocrx_word' id='word_1_79' title='bbox 206 1296 339 1336; x_wconf 85' lang='lat' dir='ltr'>mereaturae</span> <span class='ocrx_word' id='word_1_80' title='bbox 353 1287 421 1335; x_wconf 71' lang='lat' dir='ltr'>causi</span> <span class='ocrx_word' id='word_1_81' title='bbox 429 1286 573 1347; x_wconf 76' lang='lat' dir='ltr'>fabricarent,</span> <span class='ocrx_word' id='word_1_82' title='bbox 590 1291 731 1338; x_wconf 88' lang='lat' dir='ltr'>vacationem</span> 
     </span>
     <span class='ocr_line' id='line_1_16' title="bbox 62 1352 731 1419; baseline 0.001 -17"><span class='ocrx_word' id='word_1_83' title='bbox 62 1355 136 1419; x_wconf 76' lang='lat' dir='ltr'>Legis</span> <span class='ocrx_word' id='word_1_84' title='bbox 152 1355 229 1419; x_wconf 81' lang='lat' dir='ltr'>Papiae</span> <span class='ocrx_word' id='word_1_85' title='bbox 247 1353 369 1416; x_wconf 83' lang='lat' dir='ltr'>Poppaeae3</span> <span class='ocrx_word' id='word_1_86' title='bbox 387 1352 477 1400; x_wconf 89' lang='lat' dir='ltr'>Latinis</span> <span class='ocrx_word' id='word_1_87' title='bbox 487 1355 527 1416; x_wconf 86' lang='lat' dir='ltr'>jus</span> <span class='ocrx_word' id='word_1_88' title='bbox 540 1353 679 1412; x_wconf 69' lang='lat' dir='ltr'>Quiritium</span> <span class='ocrx_word' id='word_1_89' title='bbox 696 1356 731 1403; x_wconf 87' lang='lat' dir='ltr'>fe·</span> 
     </span>
     <span class='ocr_line' id='line_1_17' title="bbox 61 1419 730 1484; baseline -0.001 -15"><span class='ocrx_word' id='word_1_90' title='bbox 61 1423 130 1469; x_wconf 86' lang='lat' dir='ltr'>minis</span> <span class='ocrx_word' id='word_1_91' title='bbox 137 1423 177 1484; x_wconf 76' lang='lat' dir='ltr'>J&#39;us</span> <span class='ocrx_word' id='word_1_92' title='bbox 188 1430 284 1482; x_wconf 86' lang='lat' dir='ltr'>quatuor</span> <span class='ocrx_word' id='word_1_93' title='bbox 294 1420 414 1466; x_wconf 90' lang='lat' dir='ltr'>liberorum</span> <span class='ocrx_word' id='word_1_94' title='bbox 426 1420 551 1466; x_wconf 89' lang='lat' dir='ltr'>constituit.</span> <span class='ocrx_word' id='word_1_95' title='bbox 569 1419 630 1474; x_wconf 77' lang='lat' dir='ltr'>Quae</span> <span class='ocrx_word' id='word_1_96' title='bbox 640 1420 730 1481; x_wconf 88' lang='lat' dir='ltr'>quidem</span> 
     </span>
     <span class='ocr_line' id='line_1_18' title="bbox 60 1481 733 1549; baseline 0 -14"><span class='ocrx_word' id='word_1_97' title='bbox 60 1488 85 1535; x_wconf 92' lang='lat' dir='ltr'>in</span> <span class='ocrx_word' id='word_1_98' title='bbox 96 1486 160 1534; x_wconf 80' lang='lat' dir='ltr'>tanti</span> <span class='ocrx_word' id='word_1_99' title='bbox 169 1488 247 1549; x_wconf 83' lang='lat' dir='ltr'>legum</span> <span class='ocrx_word' id='word_1_100' title='bbox 259 1486 383 1532; x_wconf 77' lang='lat' dir='ltr'>mutatione</span> <span class='ocrx_word' id='word_1_101' title='bbox 394 1481 510 1540; x_wconf 69' lang='lat' dir='ltr'>duravere,</span> <span class='ocrx_word' id='word_1_102' title='bbox 517 1499 559 1532; x_wconf 91' lang='lat' dir='ltr'>usu</span> <span class='ocrx_word' id='word_1_103' title='bbox 566 1495 589 1532; x_wconf 92' lang='lat' dir='ltr'>et</span> <span class='ocrx_word' id='word_1_104' title='bbox 597 1487 733 1535; x_wconf 84' lang='lat' dir='ltr'>necessitate</span> 
     </span>
     <span class='ocr_line' id='line_1_19' title="bbox 60 1551 325 1607; baseline -0.015 -6"><span class='ocrx_word' id='word_1_105' title='bbox 60 1551 161 1601; x_wconf 79' lang='lat' dir='ltr'>defensa.</span> <span class='ocrx_word' id='word_1_106' title='bbox 322 1600 325 1607; x_wconf 62' lang='grc'><strong>,</strong></span> 
     </span>
    </p>

    <p class='ocr_par' dir='ltr' id='par_1_6' title="bbox 59 1615 742 2792">
     <span class='ocr_line' id='line_1_20' title="bbox 97 1615 732 1680; baseline 0.003 -16"><span class='ocrx_word' id='word_1_107' title='bbox 97 1616 189 1680; x_wconf 82' lang='lat' dir='ltr'>[Futuri</span> <span class='ocrx_word' id='word_1_108' title='bbox 207 1631 296 1677; x_wconf 88' lang='lat' dir='ltr'>quoque</span> <span class='ocrx_word' id='word_1_109' title='bbox 312 1615 426 1678; x_wconf 85' lang='lat' dir='ltr'>providus,</span> <span class='ocrx_word' id='word_1_110' title='bbox 443 1620 466 1662; x_wconf 94' lang='lat' dir='ltr'>et</span> <span class='ocrx_word' id='word_1_111' title='bbox 480 1615 566 1663; x_wconf 75' lang='lat' dir='ltr'>seritur</span> <span class='ocrx_word' id='word_1_112' title='bbox 577 1631 615 1675; x_wconf 89' lang='lat' dir='ltr'>ne,</span> <span class='ocrx_word' id='word_1_113' title='bbox 632 1618 662 1664; x_wconf 93' lang='lat' dir='ltr'>ob</span> <span class='ocrx_word' id='word_1_114' title='bbox 672 1624 732 1666; x_wconf 89' lang='lat' dir='ltr'>tem·</span> 
     </span>
     <span class='ocr_line' id='line_1_21' title="bbox 61 1682 731 1746; baseline 0.001 -17"><span class='ocrx_word' id='word_1_115' title='bbox 61 1690 176 1746; x_wconf 83' lang='lat' dir='ltr'>pestatum</span> <span class='ocrx_word' id='word_1_116' title='bbox 187 1682 281 1728; x_wconf 86' lang='lat' dir='ltr'>adversa</span> <span class='ocrx_word' id='word_1_117' title='bbox 292 1688 315 1727; x_wconf 89' lang='lat' dir='ltr'>et</span> <span class='ocrx_word' id='word_1_118' title='bbox 328 1682 492 1743; x_wconf 86' lang='lat' dir='ltr'>importuosum</span> <span class='ocrx_word' id='word_1_119' title='bbox 503 1696 572 1736; x_wconf 89' lang='lat' dir='ltr'>mare,</span> <span class='ocrx_word' id='word_1_120' title='bbox 589 1682 668 1730; x_wconf 88' lang='lat' dir='ltr'>eadem</span> <span class='ocrx_word' id='word_1_121' title='bbox 679 1683 731 1730; x_wconf 88' lang='lat' dir='ltr'>red·</span> 
     </span>
     <span class='ocr_line' id='line_1_22' title="bbox 61 1746 732 1809; baseline -0.001 -14"><span class='ocrx_word' id='word_1_122' title='bbox 61 1750 105 1796; x_wconf 88' lang='lat' dir='ltr'>iret</span> <span class='ocrx_word' id='word_1_123' title='bbox 122 1747 214 1809; x_wconf 80' lang='lat' dir='ltr'>frugum</span> <span class='ocrx_word' id='word_1_124' title='bbox 232 1755 328 1809; x_wconf 83' lang='lat' dir='ltr'>egestas,</span> <span class='ocrx_word' id='word_1_125' title='bbox 345 1757 413 1809; x_wconf 86' lang='lat' dir='ltr'>opera</span> <span class='ocrx_word' id='word_1_126' title='bbox 427 1747 472 1792; x_wconf 93' lang='lat' dir='ltr'>duo</span> <span class='ocrx_word' id='word_1_127' title='bbox 486 1746 534 1808; x_wconf 83' lang='lat' dir='ltr'>pari</span> <span class='ocrx_word' id='word_1_128' title='bbox 551 1755 575 1794; x_wconf 88' lang='lat' dir='ltr'>et</span> <span class='ocrx_word' id='word_1_129' title='bbox 590 1748 732 1803; x_wconf 68' lang='lat' dir='ltr'>inenerrabili</span> 
     </span>
     <span class='ocr_line' id='line_1_23' title="bbox 61 1811 733 1876; baseline -0.003 -15"><span class='ocrx_word' id='word_1_130' title='bbox 61 1814 182 1876; x_wconf 86' lang='lat' dir='ltr'>impendio,</span> <span class='ocrx_word' id='word_1_131' title='bbox 204 1813 300 1859; x_wconf 87' lang='lat' dir='ltr'>utilitate</span> <span class='ocrx_word' id='word_1_132' title='bbox 321 1818 344 1859; x_wconf 91' lang='lat' dir='ltr'>et</span> <span class='ocrx_word' id='word_1_133' title='bbox 367 1813 429 1858; x_wconf 83' lang='lat' dir='ltr'>exitu</span> <span class='ocrx_word' id='word_1_134' title='bbox 451 1811 532 1873; x_wconf 85' lang='lat' dir='ltr'>dispari</span> <span class='ocrx_word' id='word_1_135' title='bbox 551 1827 674 1875; x_wconf 78' lang='lat' dir='ltr'>aggressus</span> <span class='ocrx_word' id='word_1_136' title='bbox 691 1820 733 1860; x_wconf 87' lang='lat' dir='ltr'>est.</span> 
     </span>
     <span class='ocr_line' id='line_1_24' title="bbox 61 1875 731 1942; baseline 0 -17"><span class='ocrx_word' id='word_1_137' title='bbox 61 1879 142 1942; x_wconf 82' lang='lat' dir='ltr'>Agros</span> <span class='ocrx_word' id='word_1_138' title='bbox 159 1879 219 1924; x_wconf 88' lang='lat' dir='ltr'>enirn</span> <span class='ocrx_word' id='word_1_139' title='bbox 239 1877 364 1932; x_wconf 90' lang='lat' dir='ltr'>Romanos,</span> <span class='ocrx_word' id='word_1_140' title='bbox 380 1875 474 1922; x_wconf 86' lang='lat' dir='ltr'>infinitis</span> <span class='ocrx_word' id='word_1_141' title='bbox 490 1877 595 1924; x_wconf 85' lang='lat' dir='ltr'>villarum</span> <span class='ocrx_word' id='word_1_142' title='bbox 613 1879 690 1941; x_wconf 83' lang='lat' dir='ltr'>spatiis</span> <span class='ocrx_word' id='word_1_143' title='bbox 708 1880 731 1924; x_wconf 92' lang='lat' dir='ltr'>in</span> 
     </span>
     <span class='ocr_line' id='line_1_25' title="bbox 61 1939 731 2006; baseline -0.001 -14"><span class='ocrx_word' id='word_1_144' title='bbox 61 1945 111 1993; x_wconf 86' lang='lat' dir='ltr'>dies</span> <span class='ocrx_word' id='word_1_145' title='bbox 128 1945 202 2006; x_wconf 78' lang='lat' dir='ltr'>magis</span> <span class='ocrx_word' id='word_1_146' title='bbox 219 1950 323 1996; x_wconf 79' lang='lat' dir='ltr'>arctatos,</span> <span class='ocrx_word' id='word_1_147' title='bbox 339 1943 413 1988; x_wconf 75' lang='lat' dir='ltr'>lecum</span> <span class='ocrx_word' id='word_1_148' title='bbox 430 1939 544 1988; x_wconf 88' lang='lat' dir='ltr'>Fucinum</span> <span class='ocrx_word' id='word_1_149' title='bbox 555 1944 679 1991; x_wconf 86' lang='lat' dir='ltr'>emittenda</span> <span class='ocrx_word' id='word_1_150' title='bbox 690 1958 731 1990; x_wconf 86' lang='lat' dir='ltr'>au·</span> 
     </span>
     <span class='ocr_line' id='line_1_26' title="bbox 60 2007 730 2074; baseline -0.003 -17"><span class='ocrx_word' id='word_1_151' title='bbox 60 2025 117 2074; x_wconf 71' lang='lat' dir='ltr'>gere</span> <span class='ocrx_word' id='word_1_152' title='bbox 134 2010 247 2056; x_wconf 89' lang='lat' dir='ltr'>incassum</span> <span class='ocrx_word' id='word_1_153' title='bbox 265 2008 356 2069; x_wconf 86' lang='lat' dir='ltr'>molitus</span> <span class='ocrx_word' id='word_1_154' title='bbox 373 2012 414 2062; x_wconf 84' lang='lat' dir='ltr'>est,</span> <span class='ocrx_word' id='word_1_155' title='bbox 430 2007 581 2069; x_wconf 64' lang='lat' dir='ltr'>prodigentia</span> <span class='ocrx_word' id='word_1_156' title='bbox 596 2024 647 2055; x_wconf 89' lang='lat' dir='ltr'>reus</span> <span class='ocrx_word' id='word_1_157' title='bbox 658 2009 730 2055; x_wconf 90' lang='lat' dir='ltr'>etad·</span> 
     </span>
     <span class='ocr_line' id='line_1_27' title="bbox 61 2070 731 2131; baseline -0.004 -8"><span class='ocrx_word' id='word_1_158' title='bbox 61 2091 142 2124; x_wconf 72' lang='lat' dir='ltr'>uersus</span> <span class='ocrx_word' id='word_1_159' title='bbox 152 2075 264 2121; x_wconf 85' lang='lat' dir='ltr'>luxuriam</span> <span class='ocrx_word' id='word_1_160' title='bbox 275 2073 393 2120; x_wconf 85' lang='lat' dir='ltr'>invalidus.</span> <span class='ocrx_word' id='word_1_161' title='bbox 417 2070 513 2119; x_wconf 87' lang='lat' dir='ltr'>Portum</span> <span class='ocrx_word' id='word_1_162' title='bbox 525 2089 581 2119; x_wconf 83' lang='lat' dir='ltr'>vero</span> <span class='ocrx_word' id='word_1_163' title='bbox 592 2073 731 2131; x_wconf 83' lang='lat' dir='ltr'>Ostiensem,</span> 
     </span>
     <span class='ocr_line' id='line_1_28' title="bbox 61 2138 731 2202; baseline -0.004 -13"><span class='ocrx_word' id='word_1_164' title='bbox 61 2156 76 2189; x_wconf 85' lang='lat' dir='ltr'>a</span> <span class='ocrx_word' id='word_1_165' title='bbox 86 2141 139 2188; x_wconf 82' lang='lat' dir='ltr'>diso</span> <span class='ocrx_word' id='word_1_166' title='bbox 149 2139 212 2188; x_wconf 92' lang='lat' dir='ltr'>Julio</span> <span class='ocrx_word' id='word_1_167' title='bbox 224 2154 285 2202; x_wconf 84' lang='lat' dir='ltr'>saepe</span> <span class='ocrx_word' id='word_1_168' title='bbox 293 2139 435 2193; x_wconf 89' lang='lat' dir='ltr'>destinatum,</span> <span class='ocrx_word' id='word_1_169' title='bbox 445 2152 533 2199; x_wconf 85' lang='lat' dir='ltr'>semper</span> <span class='ocrx_word' id='word_1_170' title='bbox 540 2139 570 2184; x_wconf 91' lang='lat' dir='ltr'>cb</span> <span class='ocrx_word' id='word_1_171' title='bbox 577 2138 731 2186; x_wconf 82' lang='lat' dir='ltr'>difficultatem</span> 
     </span>
     <span class='ocr_line' id='line_1_29' title="bbox 62 2203 731 2267; baseline -0.004 -13"><span class='ocrx_word' id='word_1_172' title='bbox 62 2207 181 2262; x_wconf 89' lang='lat' dir='ltr'>omissum,</span> <span class='ocrx_word' id='word_1_173' title='bbox 199 2221 241 2251; x_wconf 92' lang='lat' dir='ltr'>nec</span> <span class='ocrx_word' id='word_1_174' title='bbox 257 2205 301 2251; x_wconf 88' lang='lat' dir='ltr'>nisi</span> <span class='ocrx_word' id='word_1_175' title='bbox 318 2203 417 2267; x_wconf 75' lang='lat' dir='ltr'>TraJani,</span> <span class='ocrx_word' id='word_1_176' title='bbox 433 2203 540 2265; x_wconf 86' lang='lat' dir='ltr'>principis</span> <span class='ocrx_word' id='word_1_177' title='bbox 552 2204 637 2265; x_wconf 89' lang='lat' dir='ltr'>optimi,</span> <span class='ocrx_word' id='word_1_178' title='bbox 654 2204 731 2266; x_wconf 88' lang='lat' dir='ltr'>auspi·</span> 
     </span>
     <span class='ocr_line' id='line_1_30' title="bbox 61 2267 731 2332; baseline -0.006 -13"><span class='ocrx_word' id='word_1_179' title='bbox 61 2273 104 2319; x_wconf 86' lang='lat' dir='ltr'>ciis</span> <span class='ocrx_word' id='word_1_180' title='bbox 114 2271 283 2325; x_wconf 84' lang='lat' dir='ltr'>absolvendum,</span> <span class='ocrx_word' id='word_1_181' title='bbox 294 2269 382 2316; x_wconf 83' lang='lat' dir='ltr'>felicius</span> <span class='ocrx_word' id='word_1_182' title='bbox 394 2270 470 2330; x_wconf 72' lang='lat' dir='ltr'>coepit.</span> <span class='ocrx_word' id='word_1_183' title='bbox 502 2267 605 2315; x_wconf 88' lang='lat' dir='ltr'>Primum</span> <span class='ocrx_word' id='word_1_184' title='bbox 617 2283 731 2332; x_wconf 78' lang='lat' dir='ltr'>repugna·</span> 
     </span>
     <span class='ocr_line' id='line_1_31' title="bbox 61 2333 731 2396; baseline -0.007 -11"><span class='ocrx_word' id='word_1_185' title='bbox 61 2334 117 2385; x_wconf 74' lang='lat' dir='ltr'>visre</span> <span class='ocrx_word' id='word_1_186' title='bbox 128 2337 251 2384; x_wconf 86' lang='lat' dir='ltr'>architecti.</span> <span class='ocrx_word' id='word_1_187' title='bbox 285 2335 331 2382; x_wconf 87' lang='lat' dir='ltr'>Sed</span> <span class='ocrx_word' id='word_1_188' title='bbox 342 2335 397 2381; x_wconf 87' lang='lat' dir='ltr'>vicit</span> <span class='ocrx_word' id='word_1_189' title='bbox 406 2334 513 2396; x_wconf 85' lang='lat' dir='ltr'>principis</span> <span class='ocrx_word' id='word_1_190' title='bbox 525 2336 653 2392; x_wconf 77' lang='lat' dir='ltr'>auctoritas.</span> <span class='ocrx_word' id='word_1_191' title='bbox 682 2333 731 2380; x_wconf 88' lang='lat' dir='ltr'>lm·</span> 
     </span>
     <span class='ocr_line' id='line_1_32' title="bbox 61 2398 732 2463; baseline -0.004 -14"><span class='ocrx_word' id='word_1_192' title='bbox 61 2417 167 2449; x_wconf 88' lang='lat' dir='ltr'>mensum</span> <span class='ocrx_word' id='word_1_193' title='bbox 179 2409 258 2463; x_wconf 84' lang='lat' dir='ltr'>egesta</span> <span class='ocrx_word' id='word_1_194' title='bbox 267 2407 342 2457; x_wconf 82' lang='lat' dir='ltr'>terra3</span> <span class='ocrx_word' id='word_1_195' title='bbox 354 2415 460 2460; x_wconf 88' lang='lat' dir='ltr'>mareque</span> <span class='ocrx_word' id='word_1_196' title='bbox 470 2401 604 2446; x_wconf 89' lang='lat' dir='ltr'>immissum.</span> <span class='ocrx_word' id='word_1_197' title='bbox 638 2398 732 2447; x_wconf 90' lang='lat' dir='ltr'>Grande</span> 
     </span>
     <span class='ocr_line' id='line_1_33' title="bbox 61 2465 731 2523; baseline -0.006 -7"><span class='ocrx_word' id='word_1_198' title='bbox 61 2469 135 2516; x_wconf 89' lang='lat' dir='ltr'>adhue</span> <span class='ocrx_word' id='word_1_199' title='bbox 146 2468 241 2514; x_wconf 86' lang='lat' dir='ltr'>accessit</span> <span class='ocrx_word' id='word_1_200' title='bbox 252 2466 422 2513; x_wconf 89' lang='lat' dir='ltr'>substructionis</span> <span class='ocrx_word' id='word_1_201' title='bbox 433 2465 572 2520; x_wconf 87' lang='lat' dir='ltr'>miraculum,</span> <span class='ocrx_word' id='word_1_202' title='bbox 590 2479 641 2513; x_wconf 88' lang='lat' dir='ltr'>cum</span> <span class='ocrx_word' id='word_1_203' title='bbox 658 2466 731 2523; x_wconf 85' lang='lat' dir='ltr'>navis,</span> 
     </span>
     <span class='ocr_line' id='line_1_34' title="bbox 59 2529 730 2593; baseline -0.006 -13"><span class='ocrx_word' id='word_1_204' title='bbox 59 2534 164 2581; x_wconf 89' lang='lat' dir='ltr'>omnium</span> <span class='ocrx_word' id='word_1_205' title='bbox 180 2532 285 2586; x_wconf 86' lang='lat' dir='ltr'>maxima,</span> <span class='ocrx_word' id='word_1_206' title='bbox 302 2529 347 2593; x_wconf 74' lang='lat' dir='ltr'>qui</span> <span class='ocrx_word' id='word_1_207' title='bbox 363 2529 433 2578; x_wconf 84' lang='lat' dir='ltr'>Caius</span> <span class='ocrx_word' id='word_1_208' title='bbox 448 2531 579 2589; x_wconf 87' lang='lat' dir='ltr'>obeliscum,</span> <span class='ocrx_word' id='word_1_209' title='bbox 596 2531 669 2592; x_wconf 88' lang='lat' dir='ltr'>quiin</span> <span class='ocrx_word' id='word_1_210' title='bbox 682 2529 730 2577; x_wconf 87' lang='lat' dir='ltr'>Va·</span> 
     </span>
     <span class='ocr_line' id='line_1_35' title="bbox 60 2595 730 2658; baseline -0.006 -12"><span class='ocrx_word' id='word_1_211' title='bbox 60 2599 138 2646; x_wconf 88' lang='lat' dir='ltr'>ticano</span> <span class='ocrx_word' id='word_1_212' title='bbox 154 2596 223 2646; x_wconf 87' lang='lat' dir='ltr'>Circo</span> <span class='ocrx_word' id='word_1_213' title='bbox 238 2598 326 2654; x_wconf 86' lang='lat' dir='ltr'>uisitur,</span> <span class='ocrx_word' id='word_1_214' title='bbox 344 2611 373 2642; x_wconf 87' lang='lat' dir='ltr'>ex</span> <span class='ocrx_word' id='word_1_215' title='bbox 388 2595 494 2658; x_wconf 81' lang='lat' dir='ltr'>AEgypto</span> <span class='ocrx_word' id='word_1_216' title='bbox 505 2595 672 2657; x_wconf 78' lang='lat' dir='ltr'>importavemt,</span> <span class='ocrx_word' id='word_1_217' title='bbox 689 2596 730 2642; x_wconf 85' lang='lat' dir='ltr'>tri·</span> 
     </span>
     <span class='ocr_line' id='line_1_36' title="bbox 59 2657 730 2713; baseline -0.009 -1"><span class='ocrx_word' id='word_1_218' title='bbox 59 2665 103 2713; x_wconf 88' lang='lat' dir='ltr'>bus</span> <span class='ocrx_word' id='word_1_219' title='bbox 114 2663 211 2711; x_wconf 89' lang='lat' dir='ltr'>molibus</span> <span class='ocrx_word' id='word_1_220' title='bbox 222 2663 317 2708; x_wconf 88' lang='lat' dir='ltr'>turrium</span> <span class='ocrx_word' id='word_1_221' title='bbox 328 2657 446 2708; x_wconf 81' lang='lat' dir='ltr'>altitudine</span> <span class='ocrx_word' id='word_1_222' title='bbox 456 2662 479 2707; x_wconf 91' lang='lat' dir='ltr'>in</span> <span class='ocrx_word' id='word_1_223' title='bbox 491 2659 519 2707; x_wconf 76' lang='lat' dir='ltr'>ei</span> <span class='ocrx_word' id='word_1_224' title='bbox 529 2659 672 2708; x_wconf 82' lang='lat' dir='ltr'>exaediiicatis</span> <span class='ocrx_word' id='word_1_225' title='bbox 682 2659 730 2708; x_wconf 90' lang='lat' dir='ltr'>Pu·</span> 
     </span>
     <span class='ocr_line' id='line_1_37' title="bbox 61 2724 742 2792; baseline -0.015 -15"><span class='ocrx_word' id='word_1_226' title='bbox 61 2731 152 2777; x_wconf 90' lang='lat' dir='ltr'>teolano</span> <span class='ocrx_word' id='word_1_227' title='bbox 163 2728 263 2792; x_wconf 81' lang='lat' dir='ltr'>pulvere,</span> <span class='ocrx_word' id='word_1_228' title='bbox 272 2728 375 2774; x_wconf 84' lang='lat' dir='ltr'>demersa</span> <span class='ocrx_word' id='word_1_229' title='bbox 384 2733 426 2782; x_wconf 87' lang='lat' dir='ltr'>est,</span> <span class='ocrx_word' id='word_1_230' title='bbox 437 2735 465 2772; x_wconf 86' lang='lat' dir='ltr'>ut</span> <span class='ocrx_word' id='word_1_231' title='bbox 475 2724 575 2782; x_wconf 78' lang='lat' dir='ltr'>Pbarus,</span> <span class='ocrx_word' id='word_1_232' title='bbox 588 2726 742 2772; x_wconf 64' lang='lat' dir='ltr'>blemudiulx</span> 
     </span>
    </p>
   </div>
   <div class='ocr_carea' id='block_1_3' title="bbox 54 2785 763 2860">
    <p class='ocr_par' dir='ltr' id='par_1_7' title="bbox 54 2785 763 2860">
     <span class='ocr_line' id='line_1_38' title="bbox 54 2785 763 2860; baseline -0.004 -15"><span class='ocrx_word' id='word_1_233' title='bbox 54 2795 160 2853; x_wconf 74' lang='lat' dir='ltr'>emulus,</span> <span class='ocrx_word' id='word_1_234' title='bbox 177 2801 382 2860; x_wconf 82' lang='lat' dir='ltr'>superponeretur.</span> <span class='ocrx_word' id='word_1_235' title='bbox 413 2791 511 2845; x_wconf 77' lang='lat' dir='ltr'>Tantas</span> <span class='ocrx_word' id='word_1_236' title='bbox 522 2792 590 2845; x_wconf 71' lang='lat' dir='ltr'>&#39;inter</span> <span class='ocrx_word' id='word_1_237' title='bbox 609 2785 763 2851; x_wconf 51' lang='lat' dir='ltr'>speculo*</span> 
     </span>
    </p>
   </div>
   <div class='ocr_carea' id='block_1_4' title="bbox 0 121 844 2910">
    <p class='ocr_par' dir='ltr' id='par_1_8' title="bbox 0 121 844 2910">
     <span class='ocr_line' id='line_1_39' title="bbox 0 121 844 2910; baseline 0 0"><span class='ocrx_word' id='word_1_238' title='bbox 0 121 844 2910; x_wconf 95' lang='lat' dir='ltr'> </span> 
     </span>
    </p>
   </div>
  </div>
 </body>
</html>
