1680 2910
36 291 135 367 mss·
189 284 385 336 ANNALIUM
402 284 509 336 LnsXI.
522 283 631 336 camd.
658 291 710 338 ³1³

37 421 164 468 contemtio
175 419 321 475 exbarbsris,
339 417 460 466 ludibrium
478 418 538 481 apud
558 419 639 475 socios,
655 419 712 467 nibil
745 451 747 456 η

36 486 99 534 aliud
109 487 250 549 prolocutus,
258 499 327 546 quam
340 485 440 532 “beatos
450 484 564 545 quondam
580 485 649 533 duces
660 485 712 533 Ro,-

37 566 120 599 manos
129 549 154 600 !'’
175 553 267 614 signum
285 550 385 612 receptui
402 549 471 597 dedit.
505 548 540 597 Ut
551 557 628 598 tannen
645 550 713 598 miles

39 617 114 664 otium
131 623 232 674 exueret,
249 617 310 664 inter
327 615 421 663 Mosam
438 615 591 678 Rhenumque
607 616 676 662 trium
687 614 712 663 et

37 683 122 745 viginti
137 682 233 729 millium
251 682 323 744 spatio
342 679 427 728 fossam
439 681 551 742 perduxit,
570 680 615 744 qud
625 683 713 728 incerta

40 747 129 795 Oceani
141 752 278 794 vetarentur.
311 744 416 808 Insignis
430 753 507 793 tamen
518 746 625 809 triumphi
636 747 711 794 indul-

40 812 71 860 sit
84 810 169 868 Caesar.
185 811 288 874 quamvis
305 811 390 858 bellum
401 811 537 874 negavisset.
570 811 622 860 Nec
638 813 712 860 multo

40 885 94 940 post
114 875 208 926 Curtius
225 875 302 924 Rufus
320 877 424 924 eumdem
444 878 553 925 honorem
572 878 711 940 adipiscitur,

40 944 81 1004 qui
99 943 124 990 in
143 958 200 1006 agro
217 941 330 990 Mattiaco
344 943 467 991 recluserat
486 957 566 1005 specus
585 943 713 1006 quaerendis

40 1007 107 1056 senis
118 1008 223 1071 argenti;
241 1008 301 1054 unde
318 1008 392 1055 tenuis
410 1007 504 1064 fructus,
522 1022 565 1055 nec
580 1009 604 1054 in
615 1005 712 1070 longum

40 1073 99 1121 tuit:
119 1081 143 1120 at
152 1073 280 1136 legionibus
291 1088 344 1120 cum
355 1073 438 1120 dmnno
448 1073 518 1128 labor,
534 1072 632 1120 effodere
643 1074 712 1130 rivos,

43 1154 141 1200 quaeque
151 1141 175 1185 in
190 1145 267 1201 aperto
278 1139 365 1201 gravis,
383 1139 477 1185 humum
487 1137 547 1184 infra
556 1139 643 1185 moliri:
661 1139 713 1199 quis

43 1205 150 1251 subactus
161 1204 233 1260 miles,
252 1210 275 1250 et
290 1204 343 1265 quia
357 1204 434 1266 piures
443 1218 484 1266 per
494 1204 621 1266 provincias
632 1204 714 1252 similia

42 1269 206 1327 tolerabantur,
215 1269 331 1331 componit
339 1269 439 1316 occultas
449 1268 534 1326 literas,
544 1270 636 1316 nomine
646 1285 712 1316 exer·

41 1335 137 1391 cituum,
149 1335 288 1397 precantium
299 1334 465 1396 imperatorem,
477 1340 511 1391 ut,
525 1334 606 1395 quibus
617 1335 712 1396 permis·

43 1407 183 1448 surus'esset
193 1400 314 1456 exercitus,
326 1399 469 1462 triumphalia
479 1406 531 1447 ante
542 1400 657 1446 tribueret.

78 1463 152 1511 XXL
168 1463 208 1512 De
225 1460 313 1527 origine
331 1461 405 1512 Curtii
424 1463 486 1520 Rufi,
504 1466 713 1528 quemlgladiatore

43 1531 149 1594 genitum
160 1531 250 1591 quidam
261 1527 387 1591 prodidere,
407 1540 481 1591 neque
496 1529 554 1577 falsa
573 1532 713 1592 promsedm,

44 1602 70 1644 et
79 1610 134 1643 vera
145 1595 237 1657 exsequi
248 1595 324 1656 pudet.
358 1594 483 1656 Postquam
499 1596 604 1652 adolevit,
616 1603 714 1644 sectator

43 1662 174 1723 quaestoris,
185 1661 221 1708 cui
232 1660 312 1708 Africa
318 1661 436 1723 obtigerat,
446 1661 499 1708 dum
510 1662 533 1709 in
546 1663 628 1724 oppido
636 1660 714 1709 Adru·
764 1661 767 1665 ’

45 1733 117 1781 meto,
135 1727 212 1774 vacuis
230 1741 271 1788 per
293 1727 393 1774 medium
412 1726 456 1774 diei
472 1728 594 1789 porticibus
614 1734 715 1775 secretus

46 1792 130 1852 agitat,
149 1791 222 1840 oblata
232 1792 252 1838 ei
264 1792 351 1854 species
361 1791 477 1840 muliebris
495 1794 553 1840 ultra
566 1793 659 1840 modurn
670 1793 714 1839 bu-

46 1870 149 1910 manum,
169 1862 201 1902 et-
210 1856 285 1903 audita
304 1865 340 1905 est
356 1872 418 1904 vox:
439 1857 499 1905 “Tu
510 1875 542 1915 es,
561 1858 629 1915 Rufe,
641 1859 716 1921 quiin

43 1923 106 1973 hanc
124 1921 262 1982 provinciam
273 1937 315 1984 pro
331 1923 425 1970 consule
435 1923 537 1972 venies.”
570 1923 621 1971 Tali
639 1925 716 1972 omine

46 1987 71 2036 in
83 2001 147 2049 spem
158 1986 265 2042 sublatus,
280 1988 441 2050 digressusque
460 1990 483 2035 in
496 1988 591 2046 Urbem,
612 1997 635 2037 et
644 1990 716 2053 largi·
758 2034 763 2039 .

45 2052 111 2099 tione
121 2052 251 2107 amicorum,
270 2053 401 2100 simulacri
417 2055 516 2116 ingenio,
531 2062 675 2117 quaesturam,
692 2061 717 2102 et

46 2130 109 2172 mox.
128 2117 214 2167 nobiles
231 2118 291 2165 inter
309 2119 446 2175 candidatos,
469 2126 589 2182 praeturam
608 2120 716 2183 principis

45 2181 156 2244 suffragio
167 2183 312 2243 assequitur:
332 2199 384 2231 cum
401 2185 463 2231 hisce
474 2186 548 2232 verbis
559 2185 664 2233 'liberius
675 2186 715 2233 de-

47 2247 118 2294 decus
129 2247 237 2294 natslium
248 2249 297 2310 ejus
305 2249 432 2305 velavisset,
446 2256 459 2279 ‘⁴
466 2249 560 2299 Curtius
568 2249 645 2298 Rufus
652 2251 717 2297 vide·

25 2348 30 2354 .
45 2318 85 2363 tur
93 2312 149 2357 mihi
160 2326 189 2359 ex
200 2327 225 2359 se
235 2312 327 2360 natus.”
361 2313 446 2376 Longis
453 2323 507 2376 post
517 2317 567 2362 haec
579 2313 676 2371 senectd,
693 2321 718 2362 et

45 2377 157 2426 adversm
168 2379 295 2439 superiores
306 2380 364 2426 tristi
376 2381 509 2436 adulatione,
522 2396 630 2443 arrogans
641 2381 717 2427 mino·

44 2442 118 2499 ribus,
138 2442 197 2490 inter
207 2459 273 2504 pares
284 2445 387 2500 difficilis,
408 2447 527 2493 consulare
537 2445 662 2508 imperium,
675 2446 717 2493 tri·

46 2507 126 2568 umphi
145 2507 252 2569 insignia,
272 2524 298 2556 ac
309 2517 423 2571 postremo
435 2511 537 2559 Africam
549 2511 660 2559 obtinuit:
680 2517 716 2558 at·

47 2587 93 2634 que
103 2572 133 2618 ibi
145 2571 272 2629 defunctus,
283 2573 351 2622 fatale
360 2578 496 2640 praesagium
509 2576 618 2639 implevit.

82 2635 171 2683 XXII.
188 2635 280 2686 Interea
290 2638 380 2696 Romae,
400 2642 468 2689 nullis
485 2641 566 2704 pdam,
586 2657 660 2704 neque
676 2657 716 2690 co·

46 2701 120 2764 gnitis
131 2717 186 2749 mox
197 2705 277 2763 causis,
284 2703 329 2754 Cu.
334 2705 432 2763 Nonius,
443 2723 513 2769 eques
519 2705 649 2762 Romanus,
656 2707 723 2753 lma

47 2768 165 2815 accinctus
183 2769 296 2832 reperitur
314 2772 339 2819 in
350 2779 417 2822 coetu
426 2773 583 2823 maantam
590 2771 744 2834 prinsipes-

39 2843 103 2886 ”³⁰¹¹
111 2839 239 2898 1¹⁰⁶me
252 2841 379 2893 tormentis
391 2841 567 2894 dilaniabatur,
578 2837 612 2886 de
622 2837 765 2885 samm·
