1680 2910
70 134 120 182 274
261 125 559 181 SUPPLEMENTUM
626 132 748 184 mern

101 262 106 275 '
132 277 171 311 um
182 262 206 309 in
217 261 311 324 regione
321 259 503 309 sudbellrntibus
510 261 623 318 exterriti,
635 259 749 325 refugere.

157 328 182 375 in
198 326 289 374 lstebris
304 326 469 389 premebuntur,
486 332 583 377 ventum
599 328 629 376 ed
643 336 747 376 montem

74 393 201 448 Auserem,
217 398 254 439 tot
262 389 344 438 sabulis
354 392 498 439 celebratum.

109 455 244 521 [Suetonius
264 454 392 518 Polybium.
414 457 534 519 egregium
553 457 674 506 snnslium
693 473 747 506 oon·

75 523 180 581 ditorem,
196 523 236 583 qui
252 520 341 569 Airiore
357 521 424 569 litore
437 521 603 584 exploraverat,
620 523 747 580 aemuletur,

74 594 147 636 terras
165 587 260 635 serutari
276 588 365 646 voluit;
382 588 512 650 primusque
526 586 692 636 Romanorum
707 588 747 636 du·

75 668 129 701 oum
148 651 267 700 Atlsntem
285 653 371 714 sliquot
387 650 483 700 millium
496 653 571 716 spatio
582 660 747 717 usnsgressus,

74 719 133 773 loen,
150 719 259 766 herenna
274 725 363 766 tentum
381 718 469 767 virilem
485 719 515 766 ob
530 718 646 766 luxuriem
666 719 747 776 sudits,

75 783 162 833 invisit.
193 782 382 839 Vaneseentibus,
399 798 444 844 quo
459 784 552 846 propius
569 784 699 841 resedebst,
713 783 747 832 fs·

75 849 142 906 bruis,
154 848 215 896 nulls
225 846 344 897 occurrere
354 848 496 912 AEgipsnum
508 847 747 911 Sstyrorumqueves·

76 914 149 977 tigis:
168 915 209 962 sed
225 916 337 979 comperit
346 915 403 962 irnss
413 914 498 961 montis
509 914 605 973 redires,
623 915 701 963 densis
715 914 748 963 sl·

76 980 151 1042 tisque
162 980 258 1042 repletos
268 981 339 1036 silvis,
351 980 469 1043 incognito
476 994 561 1042 genere
570 981 687 1039 arborum,
697 996 748 1044 pro·

78 1045 171 1094 ceriure
182 1046 303 1108 speetsbili,
320 1046 387 1094 enodi
403 1047 484 1101 nitore,
500 1044 582 1092 fronde
592 1046 708 1108 cupressis
717 1046 748 1093 si·

78 1111 133 1167 miii,
149 1112 216 1174 grui
231 1112 307 1167 odore,
324 1118 349 1159 et
359 1111 422 1158 tenui
432 1107 529 1157 obducti
539 1109 656 1173 lanugine,
674 1110 749 1159 seritis

77 1176 199 1224 velleribus
209 1177 280 1224 nibilo
290 1177 383 1224 viliore:
403 1177 511 1224 verticem
526 1175 578 1223 slus
589 1177 658 1223 etism
670 1182 749 1224 utute

78 1242 160 1303 operiri
171 1242 275 1290 nivibusr
290 1242 383 1290 decimis
394 1257 422 1289 eo
432 1247 565 1304 pervenerat
575 1243 671 1289 metris:
692 1242 749 1289 ultn

78 1306 108 1354 sd
123 1305 219 1355 flurium
235 1308 285 1356 Ger
300 1308 417 1355 contendit
431 1321 472 1370 per
482 1306 616 1354 solitudines
627 1307 688 1370 nigri
698 1307 748 1370 pni-

77 1372 145 1429 veris,
162 1372 313 1420 eminentibus
331 1373 443 1420 interdum
460 1372 523 1419 velut
530 1372 619 1419 exustis
630 1373 750 1429 cautibus3

79 1437 435 1499 locnqueinhsbitnbiliaferrore,
443 1451 579 1499 quemquam
587 1437 683 1484 hiberno
691 1445 749 1484 tern-

79 1517 142 1564 pore,
159 1510 278 1567 expertus:
299 1505 415 1566 proximos
423 1504 503 1561 saltus,
520 1502 700 1566 elephantorum,
715 1501 750 1549 se-

79 1581 155 1616 rerum
173 1576 198 1615 et
215 1570 352 1631 serpentium
368 1570 476 1632 gregibus
492 1567 587 1615 infestos
603 1567 674 1625 ndiit;
690 1574 721 1623 et,
737 1581 751 1614 s

80 1629 185 1681 Cnnsriis
196 1635 293 1696 populis,
305 1635 344 1695 qui
354 1635 451 1683 dividuis
462 1634 559 1681 ferarum
570 1632 750 1680 visceribusvio·

79 1697 181 1754 titubent,
193 1698 310 1746 inhabitari
322 1700 439 1760 comperit.

113 1759 173 1824 [His
180 1764 308 1824 exploratis,
320 1763 484 1824 rebellibusque
494 1762 578 1809 territis
588 1761 672 1824 magis,
682 1776 750 1823 quun

80 1827 184 1884 subortis,
197 1828 319 1876 Suetonius
327 1827 427 1875 Romam
435 1828 530 1891 repetiit,
542 1842 594 1873 curn
600 1827 751 1889 pertinaciore

79 1893 145 1940 boste
162 1901 241 1955 postes
255 1894 408 1941 dimicaturus.
442 1891 527 1954 Coeptn
541 1907 597 1938 vero
617 1893 640 1938 in
659 1891 750 1939 Meuri-

79 1956 140 2005 unii
155 1959 252 2006 obsolvit
270 1958 315 2007 Cn.
327 1959 438 2006 Hosidius
455 1959 530 2017 Gets3
549 1957 682 2018 Srlsboque
699 1959 751 2005 ber·

78 2023 184 2071 berorum
195 2026 259 2079 duce,
272 2025 342 2071 semel
353 2032 420 2086 atque
430 2024 512 2071 iterum
523 2023 620 2077 devicto,
632 2030 656 2069 et
673 2024 701 2071 sd
712 2039 751 2071 so·

78 2087 185 2137 litudines
201 2089 284 2136 frustra
300 2091 397 2153 delapso,
416 2089 479 2136 initae
496 2088 586 2135 tandem
598 2088 661 2150 prsis
671 2088 750 2135 eondi-

79 2153 161 2201 tiones.
193 2154 261 2202 Duss
279 2156 303 2202 in
319 2155 446 2216 provincias
462 2153 610 2215 Tingitanum
627 2161 651 2200 et
670 2152 751 2202 cen·

79 2219 177 2265 riensem
195 2219 267 2267 diviss
281 2227 316 2267 est
328 2219 472 2274 Mauritania,
492 2218 623 2279 duobusque
640 2220 753 2280 equestris

80 2284 165 2331 ordinis
176 2285 299 2331 rectoribus
309 2286 425 2347 permisso.
458 2282 600 2332 Concilinndi
615 2285 705 2332 animos
720 2286 752 2332 si·

80 2350 128 2395 mul
138 2357 163 2395 et
172 2348 275 2396 firmandi
287 2350 463 2396 dominationem
474 2347 548 2401 causi,
559 2349 668 2411 oppidum
680 2348 752 2411 Tingi

80 2414 193 2461 coloniam
212 2413 266 2460 iecit
286 2413 409 2471 Cbudius;
435 2414 617 2476 appellatumque
635 2412 754 2461 Tredurtn

79 2477 155 2526 Julia:
177 2479 257 2526 eodem
273 2481 360 2528 honore
375 2480 465 2526 donstae
482 2477 594 2534 cesares,
612 2479 667 2525 olim
684 2479 754 2528 Jubae

78 2545 148 2608 regin,
160 2552 183 2592 et
195 2544 274 2601 Lixos,
285 2545 449 2594 fabulosissime
460 2545 559 2605 sntiquis
567 2552 663 2590 nsrrsts.
699 2544 753 2592 De·

73 2609 150 2662 ductis
158 2627 253 2678 quoque
260 2614 385 2671 veternnis,
395 2611 515 2659 eonditum
519 2608 759 2667 tippdunriemg
