1680 2910
42 143 142 184 Luat.
190 139 384 190 ANNALIUM
400 141 455 188 Lm.
467 139 512 188 lv.
525 138 633 189 Curatio.
668 143 713 186 las

45 277 141 332 quatere
152 274 248 326 vincula,
260 286 342 319 vocare
354 272 439 319 ultores
450 271 523 326 Deos,
534 280 560 318 ut
571 271 613 318 sibi
623 271 716 332 quidem

46 336 169 384 redderem
178 339 291 393 exsilium,
300 338 336 383 ubi
344 338 423 398 procul
432 337 474 383 'tali
481 352 545 384 rnore
552 344 636 399 ageret,
644 335 717 382 illisu

48 410 126 449 autem
136 404 271 464 quandoque
285 403 393 464 supplicia
405 413 557 462 sequerentur.
590 402 716 448 Assevera-

48 465 139 528 batque,
156 470 300 514 innocentem
317 464 444 517 Cornutum
462 475 485 513 et
501 467 556 514 falsa
567 467 714 514 exterritum:

47 532 119 595 idqoe
129 532 195 580 facile
206 533 328 586 intellectu,
341 532 359 578 si
370 532 517 594 proderentur
529 532 580 579 alii:
600 533 720 580 nonenim

49 611 77 646 te
87 599 174 647 oaedem
186 598 291 660 principis
300 605 323 644 et
333 612 370 643 res
381 612 451 643 novas
462 613 508 644 urso
519 600 582 644 socio
589 597 711 660 cogitasse.

86 661 193 712 xxix..
203 661 265 709 Turn
275 671 394 709 accusator
410 661 454 710 Cn.
467 661 590 709 Lentulum
602 673 625 709 et
641 663 719 710 Seium

50 722 198 776 Tuberonem
210 729 323 784 nominum
340 742 424 790 magno
441 728 527 788 pudore
543 726 648 782 Caesaris,
667 742 720 774 curn

52 795 164 857 primores
180 794 286 850 civitatis,
305 793 378 839 intimi
390 794 461 854 ipsius
471 794 543 845 amici,
561 791 673 839 Lentulus
684 808 720 838 se·

52 860 153 906 nectutis
164 867 279 910 extremae,
291 856 389 911 Tubero,
400 856 489 904 ‹letecso
499 873 599 920 corpore,
611 858 724 904 tumultlss

53 925 145 971 hostilis
163 931 187 970 et
208 923 325 970 turbandae
347 924 400 985 reip.
420 931 594 970 arcesserentur.
628 923 674 970 seu
698 923 722 969 bi

53 988 147 1050 quidssn
158 989 235 1035 statim
245 989 337 1034 exemti.
369 986 399 1034 ln
409 994 496 1050 petrem
506 1003 543 1049 exv
552 989 624 1034 servis
639 989 722 1049 quaesi·

55 1061 118 1102 tum:
136 1060 161 1100 et
171 1055 268 1116 quaestio
279 1053 372 1100 adversa
382 1053 506 1100 accusatori
516 1053 572 1107 suits
589 1056 627 1115 qui
638 1053 725 1100 scelere

55 1134 144 1174 vecors,
155 1119 224 1165 slmul
234 1118 297 1180 vulgi
309 1133 398 1164 rumore
406 1118 506 1175 territus,
523 1119 590 1164 robur
601 1126 623 1165 et
635 1130 724 1172 saxum,

56 1192 99 1232 aut
107 1185 267 1246 parricidarum
278 1196 359 1245 pronas
369 1183 528 1238 minitantium,
540 1184 608 1229 cessit
618 1183 684 1229 urbe:
697 1196 725 1228 ac

57 1257 172 1297 retractus
185 1247 303 1302 Rnrsnni,
322 1249 414 1310 exsequi
432 1249 597 1295 accusationem
614 1248 725 1309 adigitur3

58 1329 106 1363 uon
118 1314 245 1361 ocenum
256 1313 348 1360 'liberis
362 1319 429 1360 vetus
446 1314 522 1361 odium
539 1313 646 1360 adversus
657 1326 726 1359 exsu-

58 1379 238 1427 lansSersnums
257 1392 310 1425 nam
320 1385 373 1440 post
383 1379 512 1427 damnatum
525 1377 643 1433 Libonem,
651 1379 727 1423 missis

20 1486 23 1493 .
59 1445 90 1493 sd
100 1443 217 1509 Caesarem
229 1445 307 1498 literis,
316 1444 494 1506 exprobraverat,
504 1459 569 1490 suurn
578 1452 668 1491 tantum
677 1449 726 1489 stu·

59 1511 123 1558 dium
134 1510 183 1556 sins
193 1509 268 1556 iructu
286 1510 366 1565 l'nisse3
383 1508 541 1569 addideratque
552 1509 655 1569 quaedam
671 1522 728 1553 eon·

60 1577 181 1625 trunacius.
192 1590 258 1636 quam
270 1582 344 1620 tutum
356 1575 414 1635 apud
422 1589 492 1621 aures·
498 1576 610 1635 superbas,
621 1580 645 1619 et
656 1572 727 1619 offen·

58 1641 120 1689 sioni
132 1641 260 1702 proniorem
284 1639 322 1686 Ea
333 1637 412 1686 Caessr
425 1647 478 1686 octo
494 1647 545 1700 post
559 1652 631 1685 annos
645 1637 728 1691 retulit,

60 1706 166 1753 medium
178 1713 268 1766 tempus
284 1704 345 1751 varic
360 1719 469 1766 arguens3
489 1705 557 1750 etiarn
575 1705 594 1750 si
609 1709 730 1757 ormense,

61 1768 191 1834 psruicasn‘d
199 1776 324 1824 servorum,
334 1777 413 1815 contra
424 1770 559 1816 evenissent.

96 1832 184 1882 xllx.
201 1835 280 1883 Dictis
300 1835 352 1880 dein
370 1836 493 1889 sententiis,
513 1842 538 1880 ut
555 1835 654 1881 Serenus
667 1843 732 1881 more

63 1902 175 1963 majorum
186 1901 310 1962 puniretur,
317 1915 362 1960 quo
369 1898 467 1946 molliret
475 1900 589 1951 invidiam,
597 1898 731 1945 intercessit.

65 1967 148 2015 Gallus
160 1965 261 2019 Asinius,
272 1966 351 2025 Gyaro
363 1972 402 2011 aut
412 1962 670 2019 Donusdclaudendum,
679 1978 732 2009 cum

64 2038 175 2084 censeret,
194 2030 218 2076 id
234 2045 322 2091 quoque
338 2030 483 2091 adspernatus
500 2036 540 2083 est,
555 2043 651 2089 egenam
668 2042 734 2088 aquae

65 2104 185 2157 utramque
195 2096 291 2142 insulam
303 2094 408 2149 referens,
420 2095 549 2155 dandosque
559 2095 614 2139 vitae
625 2109 685 2148 usus,
697 2093 734 2138 cul

65 2162 114 2209 rita
122 2161 291 2207 concederetur.
315 2159 352 2205 Its
360 2161 459 2206 Serenus
467 2160 594 2221 Amorgum
603 2165 735 2220 reportatur.

67 2225 108 2281 Et,
128 2226 182 2287 quia
200 2223 318 2273 Cornutus
331 2224 374 2272 sui
389 2240 460 2271 manu
479 2224 596 2277 ceciderat,
614 2231 689 2270 actum
707 2223 736 2268 de

66 2292 168 2354 premiis
187 2297 342 2339 accusatorum
364 2290 485 2345 abolendis,
508 2290 526 2335 si
546 2288 595 2350 quis
614 2288 738 2351 majestatis
802 2284 806 2291 ’

68 2355 204 2418 postulatus,
227 2366 280 2401 ante
298 2354 423 2416 perfectum
437 2355 554 2417 judicium,
573 2369 598 2400 se
619 2356 668 2415 ipae
689 2351 738 2400 vita

68 2422 215 2484 privavisset:
234 2421 352 2481 ibaturque
361 2421 384 2465 in
399 2435 449 2466 eum
461 2420 602 2474 sententiam,
619 2420 643 2464 ni
655 2419 738 2474 durius,

70 2494 196 2546 contraque
213 2500 300 2533 morem
320 2498 393 2539 suum,
413 2486 486 2547 palam
504 2500 545 2547 pro
564 2484 741 2538 accusatoribus,

72 2549 161 2608 cesar,
173 2551 247 2597 irritas
258 2551 329 2612 leges,
340 2564 413 2614 remp.
428 2552 454 2598 in
468 2550 592 2616 precipiti,
611 2552 760 2606 exsequemus

67 2623 138 2663 esset:
151 2616 310 2665 subverterent
320 2619 470 2686 potiusjura,
479 2632 555 2681 quarn
563 2612 680 2662 custodes
689 2616 779 2673 eorum

59 2688 202 2729 amoverent
237 2683 281 2733 Sic
291 2685 428 2750 delatores,
447 2701 532 2757 genus
540 2679 685 2731 bominum
694 2662 803 2730 &blm
