1680 2910
55 157 73 193 t.
84 158 107 194 c.
119 155 150 197 36.
209 155 401 203 ANNALIUM
418 155 520 203 LmVI.
534 155 642 204 cente.
674 160 719 202 213
737 154 740 159 '

55 291 168 331 verteret:
189 300 234 332 non
245 286 312 342 frans,
326 303 372 334 non
382 293 466 349 preces,-
483 287 538 334 nihil
548 288 663 338 omissum,
674 299 720 345 quo

54 349 278 411 ambiguoailliccret,
287 353 369 415 promti
376 353 524 399 firmarentur.
547 351 644 413 Jamque
650 347 722 396 munt

55 427 124 460 manu
146 416 271 477 propinqua
293 416 402 465 Seleuciae
419 418 566 474 adventnbat;
589 430 641 463 cum
658 411 720 461 ttri-

55 476 125 533 dutcs,
145 480 213 527 simul
231 480 298 537 sami,
316 483 447 546 atqueipso
463 483 579 529 Artabano
597 479 720 543 percqlsus,

56 541 149 599 distrahi
160 546 265 599 consiliis,
283 547 326 593 iret
336 555 420 601 contra,
438 562 466 594 an
481 548 562 593 bellum
577 544 722 593 cunctatione

55 613 169 655 tractaret.
201 609 290 664 Qtribus
300 613 441 676 proeliurnnet
455 611 555 658 festinati
571 625 636 658 casus
647 609 722 672 plnce·

55 671 116 727 bant,
139 675 244 735 disjectos
261 685 284 721 et
303 677 465 738 longinquitate
486 677 572 722 itineris
589 675 670 730 sessos,
688 684 720 719 no

56 738 132 784 animo
141 738 229 799 quidem
242 741 296 786 satis
307 742 334 786 ad
342 741 471 801 obsequium
478 740 592 793 coaluisse,
600 739 719 793 disserunt,

55 802 182 862 proditores
197 819 268 866 nuper
284 806 405 864 hostesque
422 807 476 867 ejus,
496 820 563 866 quem
581 818 668 850 rursum
682 801 719 848 lo·

55 875 133 920 vetut.
165 867 252 915 Verum
264 869 401 931 Abdageses,
418 869 588 931 regrediendum
601 869 626 913 in
638 867 719 913 Meso·

55 933 185 993 potamium,
203 934 313 989 censebat,
330 942 356 980 nt
370 946 436 980 amne
447 935 540 996 objecto,
557 932 672 979 Armeniis
682 932 719 977 in·

55 997 123 1055 terim
135 996 290 1059 Elymaeisque
307 1007 330 1045 et
344 1000 431 1046 caeteris
448 1014 461 1045 a
476 1005 541 1061 tergo
556 997 642 1051 excitis,
659 996 720 1043 aucti

57 1063 129 1123 copiis
140 1063 263 1118 socialibus,
275 1071 298 1110 et
308 1080 363 1123 quas
370 1064 420 1117 ,dux
432 1063 550 1110 Romanus
555 1063 660 1115 misisset,
671 1059 718 1107 for-

55 1133 136 1173 tunam
147 1134 266 1174 tentarent.
299 1129 337 1176 Ea
348 1129 458 1175 sententia
467 1127 548 1182 caluit,
564 1127 615 1188 quia
624 1125 720 1187 plurima

56 1193 179 1239 auctoritas
189 1208 258 1254 penes
270 1193 411 1256 Abdagesen,
429 1201 452 1240 et
462 1192 573 1240 'liridates
584 1193 680 1254 ignavus
690 1189 720 1237 ad

55 1256 156 1318 pericula
166 1265 229 1304 erat:
249 1259 288 1305 sed
298 1259 361 1321 fugae
372 1258 445 1321 specie
455 1258 590 1305 discessum:
610 1271 642 1310 ac,
658 1255 719 1316 prin-

57 1321 116 1382 cipio
134 1337 148 1368 n
163 1330 232 1383 gente
243 1323 344 1371 Arabum
360 1323 427 1378 sacto,
444 1323 520 1370 caereri
535 1322 613 1368 domos
626 1321 720 1375 abeunt,

56 1386 95 1436 vel
113 1387 136 1432 in
152 1395 224 1433 castra
239 1388 361 1436 Artabani:
380 1389 451 1435 donec
466 1387 584 1442 Tiridates,
593 1400 652 1447 curn
663 1399 719 1446 pau·

56 1450 97 1507 cis,
117 1451 141 1560 qn
159 1452 247 1513 Syrium
263 1463 372 1509 revectus,
390 1454 475 1516 pudore
493 1452 623 1514 proditionis
641 1464 723 1496 omnes

60 1529 117 1562 exso
126 1516 166 1561 vit.
355 1558 358 1565 .

91 1579 171 1627 XLV,
179 1579 242 1628 Idem
252 1597 323 1629 annus
331 1585 395 1646 gravi
403 1585 457 1646 igne
464 1583 550 1630 Urbem
559 1581 633 1636 afficit,
642 1576 722 1627 deusti

31 1690 33 1695 .
57 1653 121 1706 parte
134 1643 202 1701 Circi,
214 1663 264 1707 quae
276 1649 391 1695 Aventino
404 1649 518 1710 contigua,
531 1649 624 1709 ipsoque
640 1645 720 1692 Aven-
739 1658 741 1663 ·

46 1710 122 1756 tino:
142 1711 202 1770 quod
212 1713 317 1759 damnum
330 1712 408 1762 Caesar
419 1713 551 1775 adglorians
562 1711 636 1767 vertit,
654 1724 721 1756 exso·

59 1774 113 1821 lutis
128 1775 234 1823 domuum
249 1785 272 1824 et
288 1779 409 1824 insularum
425 1779 509 1838 pretiis.
542 1776 628 1823 Millies
639 1782 721 1821 sester-

58 1839 117 1889 tillm
129 1839 156 1886 ei
171 1840 321 1889 munificentiis
336 1843 469 1889 collocatum
476 1861 484 1899 ;
501 1849 564 1889 tanto
576 1841 687 1902 acceptius
698 1840 722 1884 in

33 1907 42 1926 ⁸
57 1903 168 1966 vulgum,
175 1914 258 1965 quanto
266 1907 465 1969 modicnsprivatis
473 1905 661 1953 aedificationibus'.
683 1902 723 1950 Ne

58 1969 147 2030 publice
158 1971 254 2029 quidem,
266 1971 309 2017 nisi
317 1972 443 2033 duoopera,
455 1972 543 2025 struxit,
554 1970 662 2030 templum
671 1967 722 2014 Au·

58 2041 136 2095 gusto,
148 2041 171 2080 et
182 2049 271 2081 scenam
283 2034 414 2098 Pompeiani
425 2035 519 2092 theatri3
537 2049 607 2095 eaque
617 2032 722 2095 perlecta,

59 2105 177 2145 contemtu
188 2100 321 2156 ambitionis,
337 2116 365 2146 nn
377 2116 417 2162 per
429 2107 573 2152 senectutem,
589 2098 649 2144 haud
660 2096 723 2143 dedi·

58 2165 126 2211 cavit.
159 2164 205 2210 Sed
216 2164 347 2211 aeatimando
363 2167 471 2227 cujusque
484 2165 618 2210 detrimento
629 2169 724 2221 quatuor

59 2230 180 2291 progeneri
204 2227 308 2284 caesaris,
332 2228 375 2278 Cn.
386 2229 509 2283 Domitius,
525 2228 617 2276 Cassius
635 2225 724 2287 Longi-

60 2310 111 2349 nus,
130 2293 166 2340 M.
175 2292 285 2348 Vinicius,
303 2294 421 2340 Rubellius
440 2280 542 2340 Blandus
558 2292 643 2346 delecti,
661 2290 724 2337 addi·

60 2368 144 2420 tusque
155 2359 308 2406 nominatione
318 2360 434 2406 consulum
448 2357 475 2406 P.
483 2357 610 2405 Petronius.
643 2355 676 2401 Et
684 2370 725 2417 pro

59 2425 153 2486 ingenio
173 2425 279 2485 cujusque
302 2424 389 2485 quaesiti
412 2424 540 2483 decretique
558 2422 580 2468 in
602 2422 725 2482 principem

59 2491 172 2537 honores:
191 2504 249 2549 quos
264 2489 364 2536 omiserit
380 2489 522 2550 receperitve,
537 2489 560 2534 in
574 2487 659 2533 incerto
676 2483 726 2540 fnit,

58 2556 88 2601 ob
98 2554 249 2614 propinquum
257 2552 393 2599 vitaefinem.
414 2542 569 2615 Neqrieenim
602 2580 632 2627 tq
645 2579 750 2626 mm·

56 2616 583 2681 multopostsuprerniTilreriocousuleffln·
632 2611 759 2692 isim,

46 2681 197 2740 Acerronius,
205 2683 234 2733 C.
240 2683 353 2746 Pontius,
366 2689 597 2756 magistratumoe-
