1680 2910
59 177 161 222 mit·
204 170 403 248 ¹ANNALIUM
420 171 646 227 tumueram.
681 181 727 227 163

62 303 161 354 Caelium
173 305 324 367 appellitatum
335 320 349 352 a
360 303 425 354 Caele
435 304 546 362 Vibenni,
563 307 602 368 qui
613 307 659 354 dux
669 321 728 371 gen*-

61 370 93 418 tis
112 369 224 424 Etruscae,
241 385 293 416 cum
311 371 419 416 auxilium
433 371 568 433 appellatum
583 373 727 430 ductavisset,

61 435 140 482 sedem
151 449 201 482 eam
216 439 332 496 acceperat
346 451 359 481 a
374 434 497 496 Tarquinio
509 435 601 494 Prisco;
620 453 660 485 seu
676 441 728 500 quis

60 501 120 548 alius
131 515 210 562 regum
222 500 296 546 dedit:
316 515 368 546 nam
375 502 495 563 scriptores
506 503 528 548 in
540 518 567 549 eo
578 503 725 552 dissentiunt:

61 573 146 614 caetera
160 580 205 612 nou
224 565 328 626 ambigua
345 572 412 621 sunt;
429 581 523 627 magnas
541 582 578 614 eas
593 568 669 628 copias
687 584 729 632 per

60 630 129 693 plana
140 630 208 676 etiam
219 645 246 676 ac
256 629 305 675 foro
316 632 439 692 propinqua
449 630 576 688 babitisse3
594 633 653 679 unde
664 632 727 681 Tus·

61 711 115 742 cum
126 696 209 749 vicum,
220 710 234 741 e
245 695 353 741 vocabulo
363 696 505 751 advenarum,
517 697 609 743 dictum.

96 757 191 806 LXVI.
209 759 260 814 Sed,
278 768 303 805 ut
313 761 387 807 studia
397 776 515 822 procerum
530 770 554 807 et
563 761 653 823 largitio
663 763 726 825 prin·

61 824 118 886 cipis
129 824 248 871 adversum
258 839 324 872 casua
334 825 437 872 solatium
449 825 553 881 tulerant,
565 827 597 873 ita
608 837 725 875 accusato·

62 905 118 937 sum
132 891 204 952 major
219 890 242 935 in
259 890 306 936 dies
323 899 346 936 et
363 889 465 936 infestior
482 891 517 936 vis
535 891 584 936 aine
600 890 728 941 levamento

60 955 219 1017 grassabaturz
238 955 418 1016 corripueratque
429 953 515 1000 Varu'm
532 955 674 1010 Quintilium,
691 958 726 1004 di·

60 1019 132 1066 vitem
144 1027 167 1065 et
179 1017 263 1067 Caesari
274 1020 429 1080 propinquum,
446 1018 563 1066 Domitius
573 1018 637 1075 Afer,
656 1019 726 1070 Clau·

55 1085 108 1132 diae
120 1083 232 1139 Pulchrae,
248 1085 329 1138 matris
340 1085 395 1147 ejus,
411 1084 587 1140 condemnator;
604 1086 667 1132 nullo
682 1087 726 1134 mi·

60 1157 135 1203 rante,
150 1149 216 1209 quod,
231 1149 269 1195 diu
281 1165 357 1210 egena,
374 1156 398 1195 et
407 1156 471 1210 parto
483 1164 553 1212 nuper
563 1150 656 1211 praemio
666 1152 727 1199 male

57 1230 121 1268 usus,
133 1214 197 1275 plura
207 1213 236 1260 ad
246 1212 333 1274 flagitia
341 1214 504 1276 accingeretur.
534 1213 639 1260 Publium
651 1213 725 1262 Dola·

47 1279 141 1329 ,bellam
163 1279 249 1325 socium
267 1278 384 1325 delationis
401 1279 521 1333 exstitisse,
542 1279 651 1326 miraculo
669 1286 725 1336 erat,

58 1345 113 1407 quia
128 1343 194 1390 claris
208 1343 334 1405 maJonbus,
351 1350 375 1390 et
385 1343 448 1390 Varo
459 1358 582 1398 connexus,
599 1358 662 1391 auam
677 1345 725 1407 ipse

55 1409 205 1463 nobilitatem,
216 1423 282 1455 suum
293 1409 426 1470 sanguinem
437 1409 548 1470 perditum
559 1409 611 1455 ibat.
643 1408 723 1457 Resti-

56 1475 175 1521 attamen
186 1480 283 1528 senatus,
298 1480 321 1518 et
332 1473 490 1535 opperiendum
501 1474 658 1535 imperatorem
669 1490 723 1522 cen·

54 1540 115 1588 suit:
134 1538 195 1599 quod
209 1553 279 1585 unum
293 1537 422 1600 urgentium
437 1537 546 1584 malorum
562 1537 684 1600 suffugium
698 1540 723 1587 iu

53 1611 146 1666 tempus
157 1610 214 1650 erat.

89 1666 200 1716 LXVII.
219 1669 254 1714 At
276 1665 361 1722 Caesar,
384 1667 490 1715 dedicatis
511 1684 551 1731 per
574 1666 721 1732 Campaniam
783 1709 784 1712 ,

54 1733 152 1796 templis,
163 1748 297 1793 quamquam
308 1733 381 1780 edicto
391 1734 521 1787 monuisset
530 1733 615 1795 nequis
623 1734 722 1795 quietem

53 1799 248 1862 eJusirrumperet,
258 1812 424 1858 concursusque
432 1798 600 1860 oppidanorum,
611 1798 720 1860 disposito

53 1862 135 1915 milite,
153 1862 338 1924 prohiberentur;
354 1878 448 1924 perosus
465 1871 541 1910 tamen
559 1864 681 1925 municipia
698 1870 722 1912 et

53 1928 162 1981 colonias,
180 1927 297 1988 omniaque
307 1927 333 1974 in
343 1928 467 1974 continenti
482 1929 531 1983 sita,
550 1926 649 1990 Capreas
660 1944 685 1974 ae
695 1929 720 1974 in
774 1963 776 1971 s

49 1992 151 2040 insulam
162 1992 251 2046 abdidit,
263 1992 330 2038 trium
339 1993 433 2039 millium
444 1992 502 2039 freto
510 1993 538 2038 ab
548 1993 654 2040 extremis
664 1992 720 2040 Sur-

53 2058 137 2106 rentini
160 2058 306 2118 promontorii
327 2058 456 2120 dijunctam.
500 2056 649 2104 Solitudinem
671 2059 726 2120 ejm'

53 2123 166 2186 placuisse
176 2123 274 2168 maxime
284 2122 421 2176 crediderim,
438 2122 542 2182 quoniam
554 2122 718 2183 importuosum

54 2189 115 2235 circa
125 2202 194 2241 mare,
210 2193 234 2232 et
249 2187 288 2232 vix
302 2187 396 2234 modicis
409 2187 507 2249 navigiis
521 2202 592 2249 pauca
607 2186 718 2234 subsidiar

54 2267 129 2314 neque
140 2251 249 2314 appulerit
259 2251 381 2312 quisquam,
391 2252 433 2298 nisi
443 2266 514 2313 gnaro
525 2251 626 2298 custode
658 2249 720 2300 ccli

55 2317 175 2378 temperies
195 2317 267 2362 bieme
283 2317 353 2372 mitis,
376 2317 463 2378 objectu
482 2317 572 2372 montis,
592 2331 638 2376 quo
656 2330 718 2364 saeva

53 2391 175 2430 ventorum
187 2388 302 2427 arcentur:
321 2388 388 2429 aestas
398 2382 423 2427 in
438 2380 565 2428 Favonium
579 2382 680 2436 obversa,
694 2387 721 2428 et

53 2454 134 2510 aperto
152 2447 236 2493 circum
254 2445 335 2508 pelago
353 2460 495 2508 peramoena:
519 2447 719 2508 prospectabatque

53 2512 228 2575 pulcherrimum
243 2511 323 2565 sinum,
340 2518 459 2572 antequam
470 2510 586 2559 Vesuvius
601 2525 667 2556 mons
684 2526 720 2556 ac-

53 2577 150 2623 descens
165 2575 246 2622 faciem
262 2576 307 2623 loci
321 2583 428 2626 verteret.
463 2575 565 2625 Graecos
576 2590 613 2621 aa
622 2573 744 2621 mndata,

38 2638 194 2707 'Capreasque
218 2641 329 2695 Telebois
351 2645 481 2700 habitatas,
499 2642 571 2706 luxua
588 2637 675 2684 tradit.
705 2627 765 2673 Ὦ

35 2707 87 2748 anm
101 2701 211 2757 liberius
222 2710 354 2764 duodecim
365 2714 489 2766 villarum
497 2705 648 2762 nominibus
659 2687 784 2746 am*
