1680 2910
112 134 163 207 -196
196 129 389 181 ANNALIUM
405 127 512 178 anVI.
523 126 584 179 cst.
595 131 635 177 14.
668 131 781 178 measa

117 270 171 310 tam·
204 263 271 310 Gallo
288 262 440 324 exprobrabat.
458 261 517 322 quod
528 259 780 307 acIentiaecaerimonia-

116 343 210 388 rumque
221 336 293 382 vetus,
310 328 395 374 incerto
408 334 505 379 auctore,
522 334 576 374 ante
586 326 725 372 senteutIam
736 324 780 371 ool·

115 393 184 454 lein„
193 408 246 446 non,
263 400 287 438 ut
299 391 387 443 assolet,
403 392 462 438 lecto
473 407 513 453 per
523 391 647 452 magistros
658 391 780 437 estimato-

115 474 160 518 que
179 459 283 512 carmine,
305 457 363 518 apud
382 456 545 517 infrequentem
565 462 671 503 senatum
691 455 780 517 egisset,

117 523 190 569 Simul
205 520 389 570 commonefecits
408 522 460 581 quia
475 521 546 567 multa
561 534 620 567 vana
634 522 678 567 sub
693 521 781 567 nomine

115 588 197 634 celebri
209 588 362 649 vulgabautur,
380 587 480 632 sanxisse
491 586 630 648 Augustum,
646 600 716 646 quem
727 586 783 631 intra

117 652 176 698 diem
191 654 218 698 ad
233 659 352 713 praetorem
363 651 472 696 urbanum
487 650 634 705 deferrentur,
652 665 728 711 neque
743 650 781 696 ha·

116 717 168 763 bere
179 717 282 778 privatim
293 717 383 762 liceret:
402 716 486 776 quoda
502 716 623 777 majoribus
640 730 733 777 quoque
743 715 781 761 de·

116 790 203 829 eretum
219 789 273 836 erat,
289 787 341 842 post
352 788 456 826 exustum
471 781 547 827 sociali
561 780 620 826 betto
634 777 779 841 Capitolium,

117 848 217 906 quaesitis
230 847 304 900 Samo,
317 844 367 900 llio,
380 845 492 906 Erythris,
509 861 549 909 per
563 843 666 891 Africam
678 845 747 891 etiam
757 859 782 891 ao

117 911 215 957 Siciliam
226 918 249 957 et
260 909 350 958 Italicas
361 911 467 966 colonias,
479 910 612 957 carminibus
625 909 728 970 Sibyllae,
739 924 781 956 una

117 991 156 1021 scu
168 976 243 1036 plures
251 974 320 1030 fuere,
332 976 428 1036 datoque
437 976 586 1022 sacerdotibus
595 976 697 1037 negotio,
709 989 780 1035 quan·

116 1047 164 1085 tum
176 1039 273 1087 humaui
283 1057 325 1102 ope
334 1041 466 1102 potuissent,
478 1056 532 1087 vera
542 1041 676 1087 discernere.
706 1037 780 1101 Igitur

117 1112 171 1151 tunc
186 1121 276 1166 quoque
292 1106 378 1152 notioni
391 1105 590 1166 quindecimvirdm
608 1106 627 1150 is
641 1104 699 1152 liber
712 1104 779 1168 subji-

118 1170 183 1216 citur.

149 1233 223 1281 XIII.
240 1234 323 1282 Iisdem
335 1237 470 1291 consulibus,
487 1236 598 1297 gravitate
608 1249 709 1281 annonae
714 1236 781 1298 juxta

116 1300 248 1347 seditionem
260 1309 366 1347 ventum:
385 1303 506 1362 multaque,
518 1309 541 1347 et
551 1301 626 1361 plures
637 1315 679 1360 per
689 1300 745 1354 dies,
756 1300 779 1345 in

95 1372 97 1376 '
115 1366 204 1412 theatro
215 1366 318 1411 licentius
334 1365 461 1427 efflagitata,
479 1381 546 1426 quam
558 1365 649 1411 solitum
661 1364 781 1411 adversum

115 1431 282 1491 imperatorem:
302 1427 353 1490 quis
364 1439 497 1485 commotus,
512 1430 624 1476 incusavit
634 1430 780 1490 magistratus

115 1503 240 1556 patresque,
262 1496 322 1555 quod
344 1510 390 1542 non
410 1494 497 1557 publiea
519 1495 651 1541 auctoritate
672 1494 780 1556 populum

116 1561 282 1607 coercuissent:
313 1561 445 1621 addiditque,
468 1560 547 1620 quibus
569 1574 582 1605 e
604 1560 735 1620 provinciis,
757 1564 780 1605 et

115 1633 199 1685 quanto
214 1627 327 1688 majorem,
345 1641 411 1685 quam
432 1626 558 1686 Augustus,
579 1625 610 1669 rei
627 1622 781 1670 frumentariae

115 1691 202 1749 copiam
211 1691 344 1736 adnecteret.
374 1689 410 1736 Ita
418 1688 621 1751 castigandaeplebi
629 1689 780 1750 compositum

115 1754 354 1808 senatuis-consultum,
366 1754 439 1815 prisci
450 1755 581 1801 severitate:
602 1768 676 1813 neque
688 1753 780 1815 segnius

115 1819 219 1865 eonsules
230 1817 334 1864 edixere:
355 1820 467 1865 silentium
479 1820 548 1879 ipsius
559 1833 604 1865 non
613 1819 686 1873 civile,
699 1826 724 1864 ut
731 1833 779 1864 cre·

113 1883 205 1937 diderat
218 1884 257 1930 sed
269 1884 291 1929 in
303 1885 427 1944 superbiam
439 1884 592 1943 accipiebatur.

147 1946 218 1995 xlv.
236 1948 293 1996 Fine
311 1950 363 1995 anni
387 1949 513 2001 Geminius,
538 1945 625 2001 Celsus,
650 1946 779 2009 Pompeius,

114 2014 201 2073 equites
213 2013 318 2068 Romani,
330 2010 431 2060 ceciddre
442 2013 601 2074 conjurationis
611 2012 712 2060 crimine.
741 2012 780 2058 Ex

115 2075 166 2138 quis
186 2078 303 2124 Geminius
323 2074 465 2141 prodigentid
483 2093 550 2139 opum
571 2092 597 2123 ac
613 2077 708 2123 mollitiei
724 2078 779 2124 vibae

114 2144 199 2189 amicus
211 2143 292 2204 Sejano
299 2161 313 2199 ;,
325 2144 380 2188 nihil
392 2143 419 2189 ad
436 2143 526 2188 serium.
558 2141 590 2188 Et
601 2139 677 2188 Julius
690 2140 779 2196 Celsus,

113 2208 222 2261 tribunus,
237 2208 260 2252 In
272 2208 351 2253 vinclis
362 2209 458 2253 laxatam
470 2214 572 2254 catenam
584 2214 607 2252 et
617 2207 779 2253 circumdatam

30 2294 34 2301 ·
114 2271 137 2316 in
153 2273 266 2317 diuersum
283 2273 382 2324 tendens,
401 2287 462 2317 suam
481 2274 527 2333 ipse
539 2272 649 2317 cervicem
664 2270 781 2332 perfregit.

115 2335 148 2381 At
160 2335 246 2385 Rubrio
262 2335 354 2390 Fabato,
372 2344 492 2396 tamquam,
510 2337 632 2397 desperatis
647 2337 713 2382 rebus
730 2336 780 2382 Ro·

115 2401 193 2453 manis,
206 2398 340 2446 Parthorum
349 2401 376 2446 ad
385 2401 558 2446 misericordiam
570 2400 666 2461 fugeret,
675 2401 780 2448 custodes

115 2463 189 2509 additi.
224 2465 282 2511 Sane
291 2466 310 2511 is
318 2473 418 2526 repertus
429 2465 488 2526 apud
499 2464 581 2512 fretum
592 2466 683 2519 sicilia,
695 2473 778 2512 retrac-

113 2535 193 2589 tusque
215 2546 254 2590 per
276 2532 436 2584 centurionem,
460 2530 532 2576 nullas
554 2530 678 2591 probabiles
702 2545 780 2576 causas

109 2593 242 2659 IongInquae
258 2595 448 2661 peregrinationis
466 2594 588 2640 adiciebat:
603 2595 690 2636 mansu
704 2602 783 2638 tamen

101 2662 239 2725 incolumis,
252 2665 372 2719 oblivione
383 2662 470 2724 magis,
482 2673 554 2718 eumn
564 2651 694 2701 examentis.
