1680 2910
56 143 154 186 J.c.17·
216 135 409 186 ANNALIUM
424 136 641 188 LmlLCandss.
690 143 720 189 tt

55 284 120 317 nrors
129 269 258 323 dmum,
265 267 414 331 subrogando,
422 272 534 318 certtmen
545 270 643 318 incessit.
659 270 721 319 Ger·

56 332 720 460 ffitffimlttlffitttttltttttt

35 482 38 486 ·
55 465 122 515 bonta
142 469 221 510 nonna
229 462 330 524 plusque
340 462 472 518 nitebantur,
484 471 509 510 ut
520 479 626 512 numerus
636 466 718 513 libero·

57 543 109 575 rum
130 528 155 574 in
177 525 299 574 candidatis
319 526 467 588 praepolleret,
488 529 548 588 quod
569 529 607 576 lex
620 531 720 592 jubebat,

58 591 191 641 Laetahmur
201 589 311 644 liberius,
322 605 374 636 cum
382 591 441 638 inter
451 590 509 639 filios
517 595 566 654 ejus
575 601 598 639 et
609 594 671 656 leges
681 610 718 643 sa-

33 710 36 715 ,
56 663 126 704 nntus
136 656 284 719 disceptaretr
301 655 362 702 vieta
376 661 412 702 est
422 656 471 702 sine
481 656 547 703 dubio
557 658 610 714 lex;
628 660 720 706 sedne·

57 736 103 783 que
113 721 189 769 statim
199 727 223 768 et
232 720 309 783 paucis
320 719 442 782 suffragiu:
460 722 578 780 quomodo,
590 722 656 769 etiam
668 739 720 771 cum

58 786 169 841 valerent,
180 786 244 847 leges
253 784 406 832 ¹vincebantur.

90 848 248 897 altmonam
258 863 318 896 anno
328 857 427 912 coeptum
438 849 462 896 in
473 848 552 897 Antea
560 850 650 907 bellum,
663 852 723 900 duos

57 913 325 963 nntiumTrctannste:
345 914 365 961 is
384 914 475 960 natione
493 914 592 962 Numida
607 917 720 964 incastris

58 978 171 1028 Romanis
181 979 296 1027 auxiliaria
307 978 416 1040 stipendia
431 980 530 1033 meritus,
548 995 603 1027 mox
613 981 720 1036 desertor,

57 1058 132 1106 vagos
148 1043 246 1106 primum
265 1051 289 1090 et
305 1043 427 1090 latrociniis
444 1051 519 1091 suetos
537 1044 680 1106 adpraedam
697 1054 721 1093 et

58 1116 302 1171 raptuscongregsre:
322 1108 380 1162 dein,
399 1123 462 1154 more
476 1109 568 1162 militiae,
587 1123 628 1170 per
638 1111 723 1158 vexilla

58 1181 83 1221 et
92 1182 179 1221 turmas
195 1187 343 1235 componere:
362 1179 474 1234 postremo
485 1188 530 1220 non
541 1174 661 1222 incondita
671 1183 719 1222 tur·

57 1239 101 1295 bn,
113 1239 154 1285 aed
165 1237 339 1284 Mundanorum
350 1237 396 1283 dux
405 1239 488 1284 haberi.
520 1237 601 1284 Valida
618 1253 645 1285 ea
662 1254 721 1301 gens

57 1310 83 1351 et
93 1303 249 1364 solitudinibus
265 1301 351 1348 Afrieae
366 1303 495 1364 propinqua,
513 1303 575 1350 nullo
592 1303 719 1350 etiamtum

57 1368 147 1416 muium
159 1367 227 1422 cultu,
243 1368 302 1430 cepit
312 1381 379 1420 arma,
391 1367 530 1428 Maurosque
540 1367 627 1414 accolas
637 1369 660 1414 in
671 1369 720 1415 bel·

58 1433 108 1481 lum
118 1433 204 1480 traxit:
224 1432 304 1479 dux-et
319 1431 355 1478 his
366 1432 489 1495 Mazippa:
509 1433 637 1494 divisusque
653 1448 719 1480 exer·

57 1497 134 1555 citus3
151 1505 178 1544 ut
195 1495 326 1543 Tacfarinas
345 1496 415 1543 lectos
431 1499 500 1554 viros,
516 1506 539 1543 et
554 1497 683 1545 Romanum
694 1499 718 1545 in

56 1562 151 1609 modum
161 1568 266 1615 armam,
278 1561 356 1608 castris
366 1562 476 1616 attineret,
487 1560 603 1624 disciplina
613 1571 637 1608 et
647 1563 718 1625 impe-

58 1627 98 1674 riis
109 1634 239 1684 suesceret;
257 1625 367 1688 Mazippa
384 1626 428 1672 levi
444 1641 496 1672 cum
507 1626 571 1689 copiis
580 1628 682 1674 incendia
697 1637 722 1674 ot

57 1692 133 1740 cedes
155 1698 182 1738 et·
200 1699 308 1738 terrorem
330 1690 495 1738 circumferret:
523 1693 721 1754 compulerantque
742 1690 744 1693 ’

58 1753 180 1810 OEnithios,
200 1756 259 1802 haud
276 1757 422 1816 spernendam
440 1756 560 1812 nationem,
582 1759 606 1803 in
624 1758 718 1815 eadem;

10 1847 12 1852 ·
57 1836 110 1868 oram
122 1821 206 1868 Furius
217 1819 334 1874 Camillus,
352 1822 470 1882 proconsul
490 1821 580 1877 Africa,
599 1822 719 1883 legionem,

57 1891 83 1932 et
93 1887 153 1946 quod
165 1887 206 1932 sub
216 1886 287 1947 signis
298 1886 415 1938 unciarum,
432 1887 456 1932 in
467 1901 535 1933 unum
546 1886 675 1941 conductos,
691 1887 720 1934 ad

57 1952 147 1997 bostem
166 1951 244 1997 duxit:
263 1950 373 1997 modicam
395 1965 492 2005 manum,
515 1951 534 1998 si
553 1951 718 1997 multitudinem

57 2013 211 2062 Numidarum
227 2022 294 2076 atque
313 2014 445 2061 Maurorum
464 2023 589 2077 spectares:
609 2015 648 2062 sed
664 2015 721 2061 nihil

58 2095 124 2141 reque
135 2081 261 2134 cavebatur,
281 2094 348 2140 quam
367 2096 396 2126 ne
408 2080 493 2126 ,beilum
509 2087 570 2125 motu
588 2079 716 2126 eluderent:

57 2160 99 2207 spo
108 2146 211 2192 victuriae
221 2145 306 2191 inducti
317 2152 375 2199 sunt,
387 2151 412 2190 ut
422 2145 571 2191 vincerentur.
603 2141 677 2204 Igitur
688 2143 724 2191 la·

56 2210 98 2272 gio
108 2210 190 2265 medio,
208 2209 271 2256 leves
282 2210 385 2256 cohortes
402 2210 497 2270 duaeque
515 2210 558 2256 alae
575 2209 599 2254 in
616 2209 721 2256 cornibus

57 2275 169 2321 locantur.
192 2273 244 2321 Nec
252 2272 383 2320 Tacfarinas
393 2289 491 2336 pugnarn
503 2274 641 2320 detrectavit.
662 2273 719 2320 Furi

57 2337 177 2398 Numidae,
188 2339 316 2399 multosque
332 2349 386 2400 post
399 2355 469 2385 annos
485 2338 554 2385 Furio
565 2339 651 2391 nomini
669 2354 723 2400 pam

57 2411 108 2451 tum
124 2405 196 2451 'decus
211 2405 312 2451 militiae:
332 2418 384 2450 narn
401 2411 452 2464 post
469 2404 532 2450 illum
543 2411 720 2466 recuperatorem

58 2469 128 2525 urbis,
144 2467 261 2528 filiumque
277 2470 325 2531 eJus
343 2466 469 2523 Camillum,
481 2483 549 2529 penes
560 2469 614 2515 alins
624 2468 720 2515 familias

58 2534 202 2596 rmperatorin
218 2533 267 2580 laus
277 2533 357 2580 fuerat.
390 2533 467 2597 Atque
476 2534 523 2591 liic,
533 2548 604 2596 quem
611 2545 729 2580 numeras

54 2613 112 2655 mus,
128 2599 238 2646 belinum
258 2613 343 2662 expers
358 2601 501 2656 habebatur:
520 2594 747 2667 enprodmr'Yn»
