<?xml version="1.0" encoding="UTF-8"?>
<!DOCTYPE html PUBLIC "-//W3C//DTD XHTML 1.0 Transitional//EN"
    "http://www.w3.org/TR/xhtml1/DTD/xhtml1-transitional.dtd">
<html xmlns="http://www.w3.org/1999/xhtml" xml:lang="en" lang="en">
 <head>
  <title>
</title>
<meta http-equiv="Content-Type" content="text/html;charset=utf-8" />
  <meta name='ocr-system' content='tesseract 3.04.00' />
  <meta name='ocr-capabilities' content='ocr_page ocr_carea ocr_par ocr_line ocrx_word'/>
</head>
<body>
  <div class='ocr_page' id='page_1' title='image "./ccorneliitaciti00obergoog_0217.png"; bbox 0 0 1680 2910; ppageno 0'>
   <div class='ocr_carea' id='block_1_1' title="bbox 64 116 734 173">
    <p class='ocr_par' dir='ltr' id='par_1_1' title="bbox 64 116 734 173">
     <span class='ocr_line' id='line_1_1' title="bbox 64 116 734 173; baseline -0.006 -2"><span class='ocrx_word' id='word_1_1' title='bbox 64 128 114 171; x_wconf 70' lang='lat'><strong>204</strong></span> <span class='ocrx_word' id='word_1_2' title='bbox 146 118 340 171; x_wconf 82' lang='lat' dir='ltr'>ANNALIUM</span> <span class='ocrx_word' id='word_1_3' title='bbox 357 116 587 173; x_wconf 61' lang='lat' dir='ltr'><strong>lunen-29.</strong></span> <span class='ocrx_word' id='word_1_4' title='bbox 618 122 734 173; x_wconf 57' lang='lat' dir='ltr'><strong>ihc-w.</strong></span> 
     </span>
    </p>
   </div>
   <div class='ocr_carea' id='block_1_2' title="bbox 62 248 766 2716">
    <p class='ocr_par' dir='ltr' id='par_1_2' title="bbox 66 248 738 1288">
     <span class='ocr_line' id='line_1_2' title="bbox 66 248 733 315; baseline -0.006 -14"><span class='ocrx_word' id='word_1_5' title='bbox 66 255 181 301; x_wconf 85' lang='lat' dir='ltr'><strong>civitatem</strong></span> <span class='ocrx_word' id='word_1_6' title='bbox 192 254 229 299; x_wconf 90' lang='lat' dir='ltr'><strong>eui</strong></span> <span class='ocrx_word' id='word_1_7' title='bbox 246 251 374 315; x_wconf 80' lang='lat' dir='ltr'><strong>Heliopolis</strong></span> <span class='ocrx_word' id='word_1_8' title='bbox 389 264 479 305; x_wconf 82' lang='lat' dir='ltr'><strong>nornen,</strong></span> <span class='ocrx_word' id='word_1_9' title='bbox 494 248 646 307; x_wconf 69' lang='lat' dir='ltr'><strong>advolavisse,</strong></span> <span class='ocrx_word' id='word_1_10' title='bbox 662 252 733 301; x_wconf 73' lang='lat' dir='ltr'><strong>mubo</strong></span> 
     </span>
     <span class='ocr_line' id='line_1_3' title="bbox 67 312 732 373; baseline -0.002 -7"><span class='ocrx_word' id='word_1_11' title='bbox 67 328 198 366; x_wconf 78' lang='lat' dir='ltr'><strong>caeterarum</strong></span> <span class='ocrx_word' id='word_1_12' title='bbox 209 318 326 364; x_wconf 88' lang='lat' dir='ltr'><strong>volucrum</strong></span> <span class='ocrx_word' id='word_1_13' title='bbox 337 316 455 373; x_wconf 76' lang='lat' dir='ltr'><strong>comitatu,</strong></span> <span class='ocrx_word' id='word_1_14' title='bbox 465 312 639 363; x_wconf 69' lang='lat' dir='ltr'><strong>novennium</strong></span> <span class='ocrx_word' id='word_1_15' title='bbox 649 318 732 365; x_wconf 83' lang='lat' dir='ltr'><strong>minn-</strong></span> 
     </span>
     <span class='ocr_line' id='line_1_4' title="bbox 66 380 732 442; baseline 0.002 -12"><span class='ocrx_word' id='word_1_16' title='bbox 66 384 131 431; x_wconf 90' lang='lat' dir='ltr'><strong>tium.</strong></span> <span class='ocrx_word' id='word_1_17' title='bbox 166 383 211 430; x_wconf 84' lang='lat' dir='ltr'><strong>Sed</strong></span> <span class='ocrx_word' id='word_1_18' title='bbox 222 383 341 442; x_wconf 79' lang='lat' dir='ltr'><strong>antiquitas</strong></span> <span class='ocrx_word' id='word_1_19' title='bbox 352 381 441 441; x_wconf 89' lang='lat' dir='ltr'><strong>quidem</strong></span> <span class='ocrx_word' id='word_1_20' title='bbox 452 380 562 427; x_wconf 84' lang='lat' dir='ltr'><strong>obscura:</strong></span> <span class='ocrx_word' id='word_1_21' title='bbox 582 380 644 429; x_wconf 87' lang='lat' dir='ltr'><strong>inter</strong></span> <span class='ocrx_word' id='word_1_22' title='bbox 655 380 732 431; x_wconf 77' lang='lat' dir='ltr'><strong>Pton-</strong></span> 
     </span>
     <span class='ocr_line' id='line_1_5' title="bbox 69 444 733 509; baseline 0 -14"><span class='ocrx_word' id='word_1_23' title='bbox 69 462 153 495; x_wconf 86' lang='lat' dir='ltr'><strong>maeum</strong></span> <span class='ocrx_word' id='word_1_24' title='bbox 164 462 191 495; x_wconf 82' lang='lat' dir='ltr'><strong>ne</strong></span> <span class='ocrx_word' id='word_1_25' title='bbox 201 446 317 494; x_wconf 79' lang='lat' dir='ltr'><strong>&#39;liberium</strong></span> <span class='ocrx_word' id='word_1_26' title='bbox 327 447 402 493; x_wconf 85' lang='lat' dir='ltr'><strong>minus</strong></span> <span class='ocrx_word' id='word_1_27' title='bbox 410 444 501 493; x_wconf 84' lang='lat' dir='ltr'><strong>duoenti</strong></span> <span class='ocrx_word' id='word_1_28' title='bbox 507 446 733 509; x_wconf 71' lang='lat' dir='ltr'><strong>quinquagintnnni</strong></span> 
     </span>
     <span class='ocr_line' id='line_1_6' title="bbox 67 509 733 573; baseline -0.009 -13"><span class='ocrx_word' id='word_1_29' title='bbox 67 514 174 561; x_wconf 86' lang='lat' dir='ltr'><strong>fuerunt:</strong></span> <span class='ocrx_word' id='word_1_30' title='bbox 194 512 254 559; x_wconf 88' lang='lat' dir='ltr'><strong>unde</strong></span> <span class='ocrx_word' id='word_1_31' title='bbox 263 511 366 573; x_wconf 73' lang='lat' dir='ltr'><strong>nonnulli</strong></span> <span class='ocrx_word' id='word_1_32' title='bbox 376 509 458 557; x_wconf 80' lang='lat' dir='ltr'><strong>falsum</strong></span> <span class='ocrx_word' id='word_1_33' title='bbox 470 510 530 556; x_wconf 89' lang='lat' dir='ltr'><strong>lrunc</strong></span> <span class='ocrx_word' id='word_1_34' title='bbox 539 510 678 572; x_wconf 73' lang='lat' dir='ltr'><strong>pboenicun,</strong></span> <span class='ocrx_word' id='word_1_35' title='bbox 694 526 733 559; x_wconf 69' lang='lat' dir='ltr'><strong>m·</strong></span> 
     </span>
     <span class='ocr_line' id='line_1_7' title="bbox 68 573 735 641; baseline -0.001 -15"><span class='ocrx_word' id='word_1_36' title='bbox 68 594 114 641; x_wconf 90' lang='lat' dir='ltr'><strong>que</strong></span> <span class='ocrx_word' id='word_1_37' title='bbox 125 578 226 625; x_wconf 83' lang='lat' dir='ltr'><strong>Arabum</strong></span> <span class='ocrx_word' id='word_1_38' title='bbox 237 592 250 623; x_wconf 90' lang='lat' dir='ltr'><strong>e</strong></span> <span class='ocrx_word' id='word_1_39' title='bbox 266 576 331 623; x_wconf 84' lang='lat' dir='ltr'><strong>terris</strong></span> <span class='ocrx_word' id='word_1_40' title='bbox 343 573 462 629; x_wconf 72' lang='lat' dir='ltr'><strong>credidere,</strong></span> <span class='ocrx_word' id='word_1_41' title='bbox 479 575 579 636; x_wconf 76' lang='lat' dir='ltr'>nihilque</span> <span class='ocrx_word' id='word_1_42' title='bbox 593 577 735 641; x_wconf 74' lang='lat' dir='ltr'><strong>usurparise·</strong></span> 
     </span>
     <span class='ocr_line' id='line_1_8' title="bbox 69 637 735 705; baseline -0.002 -15"><span class='ocrx_word' id='word_1_43' title='bbox 69 658 99 690; x_wconf 83' lang='lat' dir='ltr'><strong>ex</strong></span> <span class='ocrx_word' id='word_1_44' title='bbox 110 644 152 699; x_wconf 85' lang='lat' dir='ltr'><strong>his,</strong></span> <span class='ocrx_word' id='word_1_45' title='bbox 163 658 215 704; x_wconf 84' lang='lat' dir='ltr'><strong>quae</strong></span> <span class='ocrx_word' id='word_1_46' title='bbox 223 650 288 688; x_wconf 88' lang='lat' dir='ltr'><strong>vetus</strong></span> <span class='ocrx_word' id='word_1_47' title='bbox 295 640 403 687; x_wconf 89' lang='lat' dir='ltr'><strong>memoria</strong></span> <span class='ocrx_word' id='word_1_48' title='bbox 409 637 520 686; x_wconf 78' lang='lat' dir='ltr'><strong>firmavit:</strong></span> <span class='ocrx_word' id='word_1_49' title='bbox 539 639 735 705; x_wconf 81' lang='lat' dir='ltr'><strong>conlectoqrrippe</strong></span> 
     </span>
     <span class='ocr_line' id='line_1_9' title="bbox 69 704 734 766; baseline -0.003 -10"><span class='ocrx_word' id='word_1_50' title='bbox 69 723 180 756; x_wconf 86' lang='lat' dir='ltr'><strong>annorum</strong></span> <span class='ocrx_word' id='word_1_51' title='bbox 194 722 294 761; x_wconf 91' lang='lat' dir='ltr'><strong>nurnero,</strong></span> <span class='ocrx_word' id='word_1_52' title='bbox 312 705 349 751; x_wconf 90' lang='lat' dir='ltr'><strong>ubi</strong></span> <span class='ocrx_word' id='word_1_53' title='bbox 364 713 425 752; x_wconf 86' lang='lat' dir='ltr'><strong>mors</strong></span> <span class='ocrx_word' id='word_1_54' title='bbox 438 704 579 766; x_wconf 80' lang='lat' dir='ltr'>propinquet,</span> <span class='ocrx_word' id='word_1_55' title='bbox 596 705 646 753; x_wconf 80' lang='lat' dir='ltr'><strong>auis</strong></span> <span class='ocrx_word' id='word_1_56' title='bbox 655 706 681 753; x_wconf 91' lang='lat' dir='ltr'><strong>iu</strong></span> <span class='ocrx_word' id='word_1_57' title='bbox 690 716 734 753; x_wconf 85' lang='lat' dir='ltr'><strong>ter-</strong></span> 
     </span>
     <span class='ocr_line' id='line_1_10' title="bbox 70 769 736 830; baseline 0 -11"><span class='ocrx_word' id='word_1_58' title='bbox 70 774 101 820; x_wconf 90' lang='lat' dir='ltr'><strong>ris</strong></span> <span class='ocrx_word' id='word_1_59' title='bbox 112 780 198 819; x_wconf 88' lang='lat' dir='ltr'><strong>struere</strong></span> <span class='ocrx_word' id='word_1_60' title='bbox 208 773 292 826; x_wconf 86' lang='lat' dir='ltr'><strong>nidum,</strong></span> <span class='ocrx_word' id='word_1_61' title='bbox 307 771 373 830; x_wconf 88' lang='lat' dir='ltr'><strong>eique</strong></span> <span class='ocrx_word' id='word_1_62' title='bbox 382 770 428 815; x_wconf 87' lang='lat' dir='ltr'><strong>vim</strong></span> <span class='ocrx_word' id='word_1_63' title='bbox 438 769 562 830; x_wconf 79' lang='lat' dir='ltr'><strong>genitalem</strong></span> <span class='ocrx_word' id='word_1_64' title='bbox 572 769 697 827; x_wconf 75' lang='lat' dir='ltr'><strong>effundere,</strong></span> <span class='ocrx_word' id='word_1_65' title='bbox 707 786 736 819; x_wconf 83' lang='lat' dir='ltr'><strong>ex</strong></span> 
     </span>
     <span class='ocr_line' id='line_1_11' title="bbox 71 832 738 899; baseline 0 -16"><span class='ocrx_word' id='word_1_66' title='bbox 71 836 117 898; x_wconf 80' lang='lat' dir='ltr'><strong>qud</strong></span> <span class='ocrx_word' id='word_1_67' title='bbox 128 837 198 884; x_wconf 85' lang='lat' dir='ltr'><strong>fetum</strong></span> <span class='ocrx_word' id='word_1_68' title='bbox 209 837 262 882; x_wconf 84' lang='lat' dir='ltr'><strong>oriri</strong></span> <span class='ocrx_word' id='word_1_69' title='bbox 271 854 277 882; x_wconf 77' lang='lat' dir='ltr'><strong>a</strong></span> <span class='ocrx_word' id='word_1_70' title='bbox 287 834 320 883; x_wconf 85' lang='lat' dir='ltr'><strong>&#39;et</strong></span> <span class='ocrx_word' id='word_1_71' title='bbox 329 835 424 896; x_wconf 84' lang='lat' dir='ltr'><strong>primam</strong></span> <span class='ocrx_word' id='word_1_72' title='bbox 434 834 510 880; x_wconf 86' lang='lat' dir='ltr'><strong>adulto</strong></span> <span class='ocrx_word' id='word_1_73' title='bbox 521 832 600 881; x_wconf 57' lang='lat' dir='ltr'><strong>mam</strong></span> <span class='ocrx_word' id='word_1_74' title='bbox 614 836 738 899; x_wconf 68' lang='lat' dir='ltr'><strong>sepeliundi</strong></span> 
     </span>
     <span class='ocr_line' id='line_1_12' title="bbox 69 898 735 963; baseline -0.008 -15"><span class='ocrx_word' id='word_1_75' title='bbox 69 902 153 963; x_wconf 85' lang='lat' dir='ltr'><strong>patris:</strong></span> <span class='ocrx_word' id='word_1_76' title='bbox 173 917 245 962; x_wconf 88' lang='lat' dir='ltr'><strong>neque</strong></span> <span class='ocrx_word' id='word_1_77' title='bbox 253 902 275 947; x_wconf 93' lang='lat' dir='ltr'><strong>id</strong></span> <span class='ocrx_word' id='word_1_78' title='bbox 281 907 372 953; x_wconf 86' lang='lat' dir='ltr'><strong>temere,</strong></span> <span class='ocrx_word' id='word_1_79' title='bbox 382 898 421 944; x_wconf 79' lang='lat' dir='ltr'><strong>sed</strong></span> <span class='ocrx_word' id='word_1_80' title='bbox 428 898 514 945; x_wconf 80' lang='lat' dir='ltr'><strong>sublato</strong></span> <span class='ocrx_word' id='word_1_81' title='bbox 523 900 624 959; x_wconf 84' lang='lat' dir='ltr'><strong>myrrlue</strong></span> <span class='ocrx_word' id='word_1_82' title='bbox 629 902 735 963; x_wconf 64' lang='lat' dir='ltr'><strong>pondere,</strong></span> 
     </span>
     <span class='ocr_line' id='line_1_13' title="bbox 71 963 736 1027; baseline -0.009 -14"><span class='ocrx_word' id='word_1_83' title='bbox 71 973 202 1027; x_wconf 85' lang='lat' dir='ltr'><strong>tentatoque</strong></span> <span class='ocrx_word' id='word_1_84' title='bbox 212 982 251 1027; x_wconf 88' lang='lat' dir='ltr'><strong>per</strong></span> <span class='ocrx_word' id='word_1_85' title='bbox 261 966 356 1026; x_wconf 83' lang='lat' dir='ltr'><strong>longum</strong></span> <span class='ocrx_word' id='word_1_86' title='bbox 367 965 415 1018; x_wconf 84' lang='lat' dir='ltr'><strong>iter,</strong></span> <span class='ocrx_word' id='word_1_87' title='bbox 428 963 464 1009; x_wconf 92' lang='lat' dir='ltr'><strong>ubi</strong></span> <span class='ocrx_word' id='word_1_88' title='bbox 471 978 511 1025; x_wconf 85' lang='lat' dir='ltr'><strong>par</strong></span> <span class='ocrx_word' id='word_1_89' title='bbox 518 965 590 1020; x_wconf 85' lang='lat' dir='ltr'><strong>oneri,</strong></span> <span class='ocrx_word' id='word_1_90' title='bbox 600 980 643 1027; x_wconf 75' lang='lat' dir='ltr'><strong>pur</strong></span> <span class='ocrx_word' id='word_1_91' title='bbox 653 967 736 1014; x_wconf 62' lang='lat' dir='ltr'><strong>mutui</strong></span> 
     </span>
     <span class='ocr_line' id='line_1_14' title="bbox 72 1027 735 1093; baseline -0.009 -16"><span class='ocrx_word' id='word_1_92' title='bbox 72 1032 107 1086; x_wconf 82' lang='lat' dir='ltr'><strong>sit,</strong></span> <span class='ocrx_word' id='word_1_93' title='bbox 120 1032 194 1077; x_wconf 86' lang='lat' dir='ltr'><strong>subire</strong></span> <span class='ocrx_word' id='word_1_94' title='bbox 204 1031 300 1093; x_wconf 88' lang='lat' dir='ltr'><strong>patrium</strong></span> <span class='ocrx_word' id='word_1_95' title='bbox 311 1044 399 1090; x_wconf 85' lang='lat' dir='ltr'><strong>eorpus,</strong></span> <span class='ocrx_word' id='word_1_96' title='bbox 410 1029 478 1088; x_wconf 91' lang='lat' dir='ltr'><strong>inque</strong></span> <span class='ocrx_word' id='word_1_97' title='bbox 489 1027 549 1074; x_wconf 80' lang='lat' dir='ltr'><strong>Solis</strong></span> <span class='ocrx_word' id='word_1_98' title='bbox 559 1043 622 1077; x_wconf 70' lang='lat' dir='ltr'><strong>mum</strong></span> <span class='ocrx_word' id='word_1_99' title='bbox 630 1030 735 1092; x_wconf 59' lang='lat' dir='ltr'><strong>perdam,</strong></span> 
     </span>
     <span class='ocr_line' id='line_1_15' title="bbox 71 1091 735 1156; baseline 0.005 -14"><span class='ocrx_word' id='word_1_100' title='bbox 71 1103 139 1156; x_wconf 85' lang='lat' dir='ltr'><strong>atque</strong></span> <span class='ocrx_word' id='word_1_101' title='bbox 149 1096 245 1143; x_wconf 87' lang='lat' dir='ltr'><strong>adolere.</strong></span> <span class='ocrx_word' id='word_1_102' title='bbox 267 1094 328 1141; x_wconf 86' lang='lat' dir='ltr'><strong>Haee</strong></span> <span class='ocrx_word' id='word_1_103' title='bbox 338 1094 424 1141; x_wconf 86' lang='lat' dir='ltr'><strong>incerta</strong></span> <span class='ocrx_word' id='word_1_104' title='bbox 434 1099 458 1139; x_wconf 87' lang='lat' dir='ltr'><strong>et</strong></span> <span class='ocrx_word' id='word_1_105' title='bbox 467 1091 573 1140; x_wconf 84' lang='lat' dir='ltr'><strong>fabulosis</strong></span> <span class='ocrx_word' id='word_1_106' title='bbox 583 1103 660 1143; x_wconf 79' lang='lat' dir='ltr'><strong>aucte.</strong></span> <span class='ocrx_word' id='word_1_107' title='bbox 681 1094 735 1145; x_wconf 73' lang='lat' dir='ltr'><strong>Cn·</strong></span> 
     </span>
     <span class='ocr_line' id='line_1_16' title="bbox 72 1157 736 1222; baseline 0.005 -16"><span class='ocrx_word' id='word_1_108' title='bbox 72 1168 146 1207; x_wconf 88' lang='lat' dir='ltr'><strong>terum</strong></span> <span class='ocrx_word' id='word_1_109' title='bbox 157 1160 247 1222; x_wconf 66' lang='lat' dir='ltr'><strong>,adspici</strong></span> <span class='ocrx_word' id='word_1_110' title='bbox 262 1158 380 1221; x_wconf 88' lang='lat' dir='ltr'><strong>aliquando</strong></span> <span class='ocrx_word' id='word_1_111' title='bbox 394 1158 418 1206; x_wconf 88' lang='lat' dir='ltr'><strong>in</strong></span> <span class='ocrx_word' id='word_1_112' title='bbox 432 1157 537 1222; x_wconf 82' lang='lat' dir='ltr'><strong>AEgypte</strong></span> <span class='ocrx_word' id='word_1_113' title='bbox 553 1173 604 1205; x_wconf 83' lang='lat' dir='ltr'><strong>eam</strong></span> <span class='ocrx_word' id='word_1_114' title='bbox 618 1160 736 1209; x_wconf 77' lang='lat' dir='ltr'><strong>volucrem</strong></span> 
     </span>
     <span class='ocr_line' id='line_1_17' title="bbox 71 1227 256 1288; baseline -0.011 -16"><span class='ocrx_word' id='word_1_115' title='bbox 71 1240 118 1274; x_wconf 91' lang='lat' dir='ltr'><strong>non</strong></span> <span class='ocrx_word' id='word_1_116' title='bbox 129 1227 256 1288; x_wconf 79' lang='lat' dir='ltr'><strong>ambigitur.</strong></span> 
     </span>
    </p>

    <p class='ocr_par' dir='ltr' id='par_1_3' title="bbox 69 1287 766 2649">
     <span class='ocr_line' id='line_1_18' title="bbox 106 1287 737 1354; baseline 0.003 -17"><span class='ocrx_word' id='word_1_117' title='bbox 106 1288 206 1337; x_wconf 81' lang='lat' dir='ltr'>XXIX.</span> <span class='ocrx_word' id='word_1_118' title='bbox 221 1290 256 1336; x_wconf 86' lang='lat' dir='ltr'><strong>At</strong></span> <span class='ocrx_word' id='word_1_119' title='bbox 274 1289 363 1344; x_wconf 80' lang='lat' dir='ltr'><strong>Bomae,</strong></span> <span class='ocrx_word' id='word_1_120' title='bbox 383 1289 446 1336; x_wconf 79' lang='lat' dir='ltr'><strong>caede</strong></span> <span class='ocrx_word' id='word_1_121' title='bbox 462 1287 574 1345; x_wconf 70' lang='lat' dir='ltr'><strong>continui,</strong></span> <span class='ocrx_word' id='word_1_122' title='bbox 594 1288 737 1354; x_wconf 78' lang='lat' dir='ltr'><strong>Pomponius</strong></span> 
     </span>
     <span class='ocr_line' id='line_1_19' title="bbox 73 1353 737 1418; baseline -0.006 -14"><span class='ocrx_word' id='word_1_123' title='bbox 73 1355 158 1411; x_wconf 81' lang='lat' dir='ltr'><strong>Labeo,</strong></span> <span class='ocrx_word' id='word_1_124' title='bbox 175 1370 242 1416; x_wconf 90' lang='lat' dir='ltr'><strong>quem</strong></span> <span class='ocrx_word' id='word_1_125' title='bbox 252 1354 369 1417; x_wconf 76' lang='lat' dir='ltr'><strong>praefuisse</strong></span> <span class='ocrx_word' id='word_1_126' title='bbox 379 1353 472 1401; x_wconf 81' lang='lat' dir='ltr'><strong>Moesite</strong></span> <span class='ocrx_word' id='word_1_127' title='bbox 486 1354 560 1411; x_wconf 87' lang='lat' dir='ltr'><strong>retuli,</strong></span> <span class='ocrx_word' id='word_1_128' title='bbox 575 1369 617 1415; x_wconf 89' lang='lat' dir='ltr'><strong>per</strong></span> <span class='ocrx_word' id='word_1_129' title='bbox 631 1356 737 1418; x_wconf 67' lang='lat' dir='ltr'><strong>obnupta</strong></span> 
     </span>
     <span class='ocr_line' id='line_1_20' title="bbox 74 1419 740 1484; baseline 0.002 -16"><span class='ocrx_word' id='word_1_130' title='bbox 74 1437 144 1468; x_wconf 90' lang='lat' dir='ltr'><strong>venas</strong></span> <span class='ocrx_word' id='word_1_131' title='bbox 167 1421 298 1481; x_wconf 85' lang='lat' dir='ltr'><strong>sanguinem</strong></span> <span class='ocrx_word' id='word_1_132' title='bbox 318 1419 411 1475; x_wconf 79' lang='lat' dir='ltr'><strong>effudit3</strong></span> <span class='ocrx_word' id='word_1_133' title='bbox 438 1419 585 1480; x_wconf 85' lang='lat' dir='ltr'><strong>aemulntaque</strong></span> <span class='ocrx_word' id='word_1_134' title='bbox 601 1427 637 1467; x_wconf 87' lang='lat' dir='ltr'><strong>est</strong></span> <span class='ocrx_word' id='word_1_135' title='bbox 652 1422 740 1484; x_wconf 66' lang='lat' dir='ltr'><strong>couJ&#39;u»</strong></span> 
     </span>
     <span class='ocr_line' id='line_1_21' title="bbox 75 1484 737 1547; baseline -0.002 -14"><span class='ocrx_word' id='word_1_136' title='bbox 75 1485 171 1533; x_wconf 83' lang='lat' dir='ltr'><strong>Paxaea:</strong></span> <span class='ocrx_word' id='word_1_137' title='bbox 191 1500 242 1531; x_wconf 90' lang='lat' dir='ltr'><strong>narn</strong></span> <span class='ocrx_word' id='word_1_138' title='bbox 253 1492 352 1547; x_wconf 81' lang='lat' dir='ltr'><strong>promtus</strong></span> <span class='ocrx_word' id='word_1_139' title='bbox 362 1484 471 1546; x_wconf 78' lang='lat' dir='ltr'><strong>ejusmodi</strong></span> <span class='ocrx_word' id='word_1_140' title='bbox 482 1493 566 1530; x_wconf 83' lang='lat' dir='ltr'><strong>mortes</strong></span> <span class='ocrx_word' id='word_1_141' title='bbox 576 1492 652 1531; x_wconf 84' lang='lat' dir='ltr'><strong>metus</strong></span> <span class='ocrx_word' id='word_1_142' title='bbox 662 1486 737 1532; x_wconf 87' lang='lat' dir='ltr'><strong>carui·</strong></span> 
     </span>
     <span class='ocr_line' id='line_1_22' title="bbox 69 1548 766 1610; baseline 0.001 -14"><span class='ocrx_word' id='word_1_143' title='bbox 69 1549 122 1598; x_wconf 68' lang='lat' dir='ltr'><strong>⁴licis</strong></span> <span class='ocrx_word' id='word_1_144' title='bbox 137 1550 244 1597; x_wconf 79' lang='lat' dir='ltr'><strong>faciebat:</strong></span> <span class='ocrx_word' id='word_1_145' title='bbox 265 1557 287 1597; x_wconf 90' lang='lat' dir='ltr'><strong>et</strong></span> <span class='ocrx_word' id='word_1_146' title='bbox 298 1550 349 1609; x_wconf 86' lang='lat' dir='ltr'><strong>quia</strong></span> <span class='ocrx_word' id='word_1_147' title='bbox 359 1549 463 1602; x_wconf 84' lang='lat' dir='ltr'><strong>damnati,</strong></span> <span class='ocrx_word' id='word_1_148' title='bbox 480 1548 597 1610; x_wconf 89' lang='lat' dir='ltr'><strong>publicatis</strong></span> <span class='ocrx_word' id='word_1_149' title='bbox 610 1550 684 1604; x_wconf 88' lang='lat' dir='ltr'><strong>bonis,</strong></span> <span class='ocrx_word' id='word_1_150' title='bbox 693 1566 737 1599; x_wconf 72' lang='lat' dir='ltr'><strong>,se-</strong></span> <span class='ocrx_word' id='word_1_151' title='bbox 763 1558 766 1563; x_wconf 91' lang='lat'>&#39;</span> 
     </span>
     <span class='ocr_line' id='line_1_23' title="bbox 73 1613 737 1678; baseline 0.002 -17"><span class='ocrx_word' id='word_1_152' title='bbox 73 1614 162 1678; x_wconf 83' lang='lat' dir='ltr'><strong>pultuni</strong></span> <span class='ocrx_word' id='word_1_153' title='bbox 172 1615 356 1677; x_wconf 83' lang='lat' dir='ltr'><strong>prohibebantur:</strong></span> <span class='ocrx_word' id='word_1_154' title='bbox 376 1629 460 1668; x_wconf 83' lang='lat' dir='ltr'><strong>eorum,</strong></span> <span class='ocrx_word' id='word_1_155' title='bbox 476 1614 515 1673; x_wconf 92' lang='lat' dir='ltr'><strong>qui</strong></span> <span class='ocrx_word' id='word_1_156' title='bbox 528 1613 557 1659; x_wconf 89' lang='lat' dir='ltr'><strong>de</strong></span> <span class='ocrx_word' id='word_1_157' title='bbox 568 1629 591 1660; x_wconf 91' lang='lat' dir='ltr'><strong>se</strong></span> <span class='ocrx_word' id='word_1_158' title='bbox 602 1616 737 1670; x_wconf 78' lang='lat' dir='ltr'><strong>statuebant,</strong></span> 
     </span>
     <span class='ocr_line' id='line_1_24' title="bbox 71 1680 737 1742; baseline 0.003 -17"><span class='ocrx_word' id='word_1_159' title='bbox 71 1681 222 1726; x_wconf 77' lang='lat' dir='ltr'><strong>humabantur</strong></span> <span class='ocrx_word' id='word_1_160' title='bbox 238 1694 337 1741; x_wconf 84' lang='lat' dir='ltr'><strong>corpora,</strong></span> <span class='ocrx_word' id='word_1_161' title='bbox 354 1680 473 1725; x_wconf 83' lang='lat' dir='ltr'><strong>manebant</strong></span> <span class='ocrx_word' id='word_1_162' title='bbox 483 1684 623 1734; x_wconf 81' lang='lat' dir='ltr'><strong>testamenta,</strong></span> <span class='ocrx_word' id='word_1_163' title='bbox 640 1681 737 1742; x_wconf 88' lang='lat' dir='ltr'><strong>pretium</strong></span> 
     </span>
     <span class='ocr_line' id='line_1_25' title="bbox 74 1742 738 1800; baseline 0 -10"><span class='ocrx_word' id='word_1_164' title='bbox 74 1744 201 1790; x_wconf 82' lang='lat' dir='ltr'><strong>festinandi.</strong></span> <span class='ocrx_word' id='word_1_165' title='bbox 235 1744 279 1790; x_wconf 87' lang='lat' dir='ltr'><strong>Sed</strong></span> <span class='ocrx_word' id='word_1_166' title='bbox 296 1742 381 1798; x_wconf 86' lang='lat' dir='ltr'><strong>Caesar,</strong></span> <span class='ocrx_word' id='word_1_167' title='bbox 400 1743 474 1789; x_wconf 86' lang='lat' dir='ltr'><strong>missis</strong></span> <span class='ocrx_word' id='word_1_168' title='bbox 490 1743 519 1790; x_wconf 87' lang='lat' dir='ltr'><strong>ad</strong></span> <span class='ocrx_word' id='word_1_169' title='bbox 538 1751 640 1790; x_wconf 84' lang='lat' dir='ltr'><strong>senatum</strong></span> <span class='ocrx_word' id='word_1_170' title='bbox 659 1744 738 1800; x_wconf 80' lang='lat' dir='ltr'><strong>literis,</strong></span> 
     </span>
     <span class='ocr_line' id='line_1_26' title="bbox 76 1808 738 1870; baseline 0.003 -16"><span class='ocrx_word' id='word_1_171' title='bbox 76 1809 186 1861; x_wconf 83' lang='lat' dir='ltr'><strong>disseruit,</strong></span> <span class='ocrx_word' id='word_1_172' title='bbox 198 1823 283 1854; x_wconf 90' lang='lat' dir='ltr'><strong>morem</strong></span> <span class='ocrx_word' id='word_1_173' title='bbox 294 1809 363 1855; x_wconf 83' lang='lat' dir='ltr'><strong>fuisse</strong></span> <span class='ocrx_word' id='word_1_174' title='bbox 371 1808 498 1870; x_wconf 87' lang='lat' dir='ltr'><strong>majoribus,</strong></span> <span class='ocrx_word' id='word_1_175' title='bbox 509 1808 596 1868; x_wconf 87' lang='lat' dir='ltr'><strong>quoties</strong></span> <span class='ocrx_word' id='word_1_176' title='bbox 607 1809 738 1856; x_wconf 79' lang='lat' dir='ltr'><strong>dirimerent</strong></span> 
     </span>
     <span class='ocr_line' id='line_1_27' title="bbox 70 1871 739 1936; baseline 0.003 -16"><span class='ocrx_word' id='word_1_177' title='bbox 70 1873 191 1927; x_wconf 85' lang='lat' dir='ltr'><strong>¹amicitias,</strong></span> <span class='ocrx_word' id='word_1_178' title='bbox 213 1874 345 1920; x_wconf 85' lang='lat' dir='ltr'><strong>interdicere</strong></span> <span class='ocrx_word' id='word_1_179' title='bbox 363 1874 437 1928; x_wconf 81' lang='lat' dir='ltr'><strong>domo,</strong></span> <span class='ocrx_word' id='word_1_180' title='bbox 455 1887 551 1933; x_wconf 87' lang='lat' dir='ltr'><strong>eumque</strong></span> <span class='ocrx_word' id='word_1_181' title='bbox 569 1871 638 1920; x_wconf 86' lang='lat' dir='ltr'><strong>finem</strong></span> <span class='ocrx_word' id='word_1_182' title='bbox 656 1876 739 1936; x_wconf 68' lang='lat' dir='ltr'><strong>gratim</strong></span> 
     </span>
     <span class='ocr_line' id='line_1_28' title="bbox 75 1935 736 2001; baseline 0.003 -17"><span class='ocrx_word' id='word_1_183' title='bbox 75 1953 173 2001; x_wconf 87' lang='lat' dir='ltr'><strong>ponere:</strong></span> <span class='ocrx_word' id='word_1_184' title='bbox 193 1939 216 1984; x_wconf 92' lang='lat' dir='ltr'><strong>id</strong></span> <span class='ocrx_word' id='word_1_185' title='bbox 232 1954 257 1985; x_wconf 89' lang='lat' dir='ltr'><strong>se</strong></span> <span class='ocrx_word' id='word_1_186' title='bbox 267 1939 397 2000; x_wconf 87' lang='lat' dir='ltr'><strong>repetivisse</strong></span> <span class='ocrx_word' id='word_1_187' title='bbox 411 1939 435 1983; x_wconf 93' lang='lat' dir='ltr'><strong>in</strong></span> <span class='ocrx_word' id='word_1_188' title='bbox 450 1935 569 1984; x_wconf 85' lang='lat' dir='ltr'><strong>Labeone:</strong></span> <span class='ocrx_word' id='word_1_189' title='bbox 589 1945 657 1999; x_wconf 89' lang='lat' dir='ltr'><strong>atque</strong></span> <span class='ocrx_word' id='word_1_190' title='bbox 666 1938 736 1996; x_wconf 82' lang='lat' dir='ltr'><strong>illurn,</strong></span> 
     </span>
     <span class='ocr_line' id='line_1_29' title="bbox 75 2003 738 2065; baseline 0.002 -16"><span class='ocrx_word' id='word_1_191' title='bbox 75 2005 129 2065; x_wconf 91' lang='lat' dir='ltr'><strong>quia</strong></span> <span class='ocrx_word' id='word_1_192' title='bbox 142 2003 200 2050; x_wconf 89' lang='lat' dir='ltr'><strong>mule</strong></span> <span class='ocrx_word' id='word_1_193' title='bbox 210 2004 369 2050; x_wconf 81' lang='lat' dir='ltr'><strong>administratae</strong></span> <span class='ocrx_word' id='word_1_194' title='bbox 379 2003 501 2065; x_wconf 70' lang='lat' dir='ltr'><strong>provinciae</strong></span> <span class='ocrx_word' id='word_1_195' title='bbox 511 2003 651 2063; x_wconf 88' lang='lat' dir='ltr'><strong>aliorumque</strong></span> <span class='ocrx_word' id='word_1_196' title='bbox 661 2005 738 2050; x_wconf 88' lang='lat' dir='ltr'><strong>crimi-</strong></span> 
     </span>
     <span class='ocr_line' id='line_1_30' title="bbox 76 2065 739 2130; baseline 0.003 -15"><span class='ocrx_word' id='word_1_197' title='bbox 76 2084 130 2116; x_wconf 90' lang='lat' dir='ltr'><strong>num</strong></span> <span class='ocrx_word' id='word_1_198' title='bbox 151 2070 278 2130; x_wconf 87' lang='lat' dir='ltr'><strong>urgebatur,</strong></span> <span class='ocrx_word' id='word_1_199' title='bbox 301 2068 387 2130; x_wconf 85' lang='lat' dir='ltr'><strong>culpam</strong></span> <span class='ocrx_word' id='word_1_200' title='bbox 406 2065 490 2113; x_wconf 74' lang='lat' dir='ltr'><strong>invidia</strong></span> <span class='ocrx_word' id='word_1_201' title='bbox 507 2066 630 2115; x_wconf 79' lang='lat' dir='ltr'><strong>velavisse:</strong></span> <span class='ocrx_word' id='word_1_202' title='bbox 655 2067 739 2117; x_wconf 75' lang='lat' dir='ltr'><strong>frustra</strong></span> 
     </span>
     <span class='ocr_line' id='line_1_31' title="bbox 76 2132 738 2194; baseline 0 -13"><span class='ocrx_word' id='word_1_203' title='bbox 76 2132 198 2181; x_wconf 69' lang='lat' dir='ltr'><strong>conterriti</strong></span> <span class='ocrx_word' id='word_1_204' title='bbox 205 2149 281 2188; x_wconf 83' lang='lat' dir='ltr'><strong>uxore,</strong></span> <span class='ocrx_word' id='word_1_205' title='bbox 290 2149 363 2194; x_wconf 90' lang='lat' dir='ltr'><strong>quam,</strong></span> <span class='ocrx_word' id='word_1_206' title='bbox 375 2133 418 2178; x_wconf 83' lang='lat' dir='ltr'><strong>etsi</strong></span> <span class='ocrx_word' id='word_1_207' title='bbox 428 2139 555 2187; x_wconf 80' lang='lat' dir='ltr'><strong>nocentem,</strong></span> <span class='ocrx_word' id='word_1_208' title='bbox 562 2132 654 2193; x_wconf 87' lang='lat' dir='ltr'><strong>periculi</strong></span> <span class='ocrx_word' id='word_1_209' title='bbox 661 2142 738 2181; x_wconf 87' lang='lat' dir='ltr'><strong>tamen</strong></span> 
     </span>
     <span class='ocr_line' id='line_1_32' title="bbox 77 2197 738 2260; baseline 0 -15"><span class='ocrx_word' id='word_1_210' title='bbox 77 2206 191 2260; x_wconf 88' lang='lat' dir='ltr'><strong>expertem</strong></span> <span class='ocrx_word' id='word_1_211' title='bbox 208 2199 284 2245; x_wconf 86' lang='lat' dir='ltr'><strong>fuisse.</strong></span> <span class='ocrx_word' id='word_1_212' title='bbox 317 2198 446 2243; x_wconf 85' lang='lat' dir='ltr'><strong>Mamercus</strong></span> <span class='ocrx_word' id='word_1_213' title='bbox 464 2198 514 2243; x_wconf 87' lang='lat' dir='ltr'><strong>dein</strong></span> <span class='ocrx_word' id='word_1_214' title='bbox 531 2197 630 2243; x_wconf 86' lang='lat' dir='ltr'><strong>Scaurus</strong></span> <span class='ocrx_word' id='word_1_215' title='bbox 649 2214 738 2245; x_wconf 83' lang='lat' dir='ltr'><strong>rursum</strong></span> 
     </span>
     <span class='ocr_line' id='line_1_33' title="bbox 76 2261 740 2325; baseline 0.005 -17"><span class='ocrx_word' id='word_1_216' title='bbox 76 2264 208 2325; x_wconf 85' lang='lat' dir='ltr'><strong>postulatur,</strong></span> <span class='ocrx_word' id='word_1_217' title='bbox 223 2265 318 2324; x_wconf 85' lang='lat' dir='ltr'><strong>insignis</strong></span> <span class='ocrx_word' id='word_1_218' title='bbox 328 2263 444 2309; x_wconf 86' lang='lat' dir='ltr'><strong>nobilitate</strong></span> <span class='ocrx_word' id='word_1_219' title='bbox 458 2269 481 2308; x_wconf 90' lang='lat' dir='ltr'><strong>et</strong></span> <span class='ocrx_word' id='word_1_220' title='bbox 495 2263 585 2309; x_wconf 88' lang='lat' dir='ltr'><strong>orandis</strong></span> <span class='ocrx_word' id='word_1_221' title='bbox 596 2263 677 2318; x_wconf 86' lang='lat' dir='ltr'><strong>causis,</strong></span> <span class='ocrx_word' id='word_1_222' title='bbox 692 2261 740 2311; x_wconf 73' lang='lat' dir='ltr'><strong>viti</strong></span> 
     </span>
     <span class='ocr_line' id='line_1_34' title="bbox 76 2327 740 2389; baseline 0.003 -16"><span class='ocrx_word' id='word_1_223' title='bbox 76 2329 204 2389; x_wconf 87' lang='lat' dir='ltr'><strong>probrosus.</strong></span> <span class='ocrx_word' id='word_1_224' title='bbox 238 2328 302 2373; x_wconf 88' lang='lat' dir='ltr'><strong>Nihil</strong></span> <span class='ocrx_word' id='word_1_225' title='bbox 312 2329 371 2373; x_wconf 87' lang='lat' dir='ltr'><strong>hunc</strong></span> <span class='ocrx_word' id='word_1_226' title='bbox 382 2328 480 2373; x_wconf 88' lang='lat' dir='ltr'><strong>amicitia</strong></span> <span class='ocrx_word' id='word_1_227' title='bbox 491 2328 572 2389; x_wconf 82' lang='lat' dir='ltr'><strong>Sejani‚</strong></span> <span class='ocrx_word' id='word_1_228' title='bbox 585 2328 624 2374; x_wconf 89' lang='lat' dir='ltr'><strong>sed</strong></span> <span class='ocrx_word' id='word_1_229' title='bbox 636 2327 740 2375; x_wconf 77' lang='lat' dir='ltr'><strong>labefecit</strong></span> 
     </span>
     <span class='ocr_line' id='line_1_35' title="bbox 76 2391 739 2454; baseline 0.005 -17"><span class='ocrx_word' id='word_1_230' title='bbox 76 2392 136 2438; x_wconf 90' lang='lat' dir='ltr'><strong>haud</strong></span> <span class='ocrx_word' id='word_1_231' title='bbox 147 2393 221 2437; x_wconf 91' lang='lat' dir='ltr'><strong>minus</strong></span> <span class='ocrx_word' id='word_1_232' title='bbox 231 2393 329 2438; x_wconf 85' lang='lat' dir='ltr'><strong>validum</strong></span> <span class='ocrx_word' id='word_1_233' title='bbox 347 2393 375 2438; x_wconf 88' lang='lat' dir='ltr'><strong>nd</strong></span> <span class='ocrx_word' id='word_1_234' title='bbox 389 2393 457 2438; x_wconf 82' lang='lat' dir='ltr'><strong>exitia</strong></span> <span class='ocrx_word' id='word_1_235' title='bbox 472 2391 589 2439; x_wconf 85' lang='lat' dir='ltr'><strong>Macronis</strong></span> <span class='ocrx_word' id='word_1_236' title='bbox 600 2392 684 2445; x_wconf 84' lang='lat' dir='ltr'><strong>odium,</strong></span> <span class='ocrx_word' id='word_1_237' title='bbox 701 2394 739 2454; x_wconf 91' lang='lat' dir='ltr'><strong>qui</strong></span> 
     </span>
     <span class='ocr_line' id='line_1_36' title="bbox 76 2456 739 2518; baseline 0.005 -16"><span class='ocrx_word' id='word_1_238' title='bbox 76 2456 166 2502; x_wconf 88' lang='lat' dir='ltr'><strong>easdem</strong></span> <span class='ocrx_word' id='word_1_239' title='bbox 184 2465 243 2503; x_wconf 87' lang='lat' dir='ltr'><strong>artes</strong></span> <span class='ocrx_word' id='word_1_240' title='bbox 257 2458 367 2503; x_wconf 87' lang='lat' dir='ltr'><strong>occultius</strong></span> <span class='ocrx_word' id='word_1_241' title='bbox 381 2458 511 2503; x_wconf 81' lang='lat' dir='ltr'><strong>exercebat:</strong></span> <span class='ocrx_word' id='word_1_242' title='bbox 531 2457 686 2518; x_wconf 79' lang='lat' dir='ltr'><strong>detuleratque</strong></span> <span class='ocrx_word' id='word_1_243' title='bbox 703 2475 739 2505; x_wconf 89' lang='lat' dir='ltr'><strong>nr·</strong></span> 
     </span>
     <span class='ocr_line' id='line_1_37' title="bbox 74 2523 740 2583; baseline 0.005 -16"><span class='ocrx_word' id='word_1_244' title='bbox 74 2528 208 2583; x_wconf 86' lang='lat' dir='ltr'><strong>gumenturn</strong></span> <span class='ocrx_word' id='word_1_245' title='bbox 220 2523 343 2582; x_wconf 78' lang='lat' dir='ltr'><strong>tragoediae,</strong></span> <span class='ocrx_word' id='word_1_246' title='bbox 355 2537 368 2568; x_wconf 87' lang='lat' dir='ltr'><strong>a</strong></span> <span class='ocrx_word' id='word_1_247' title='bbox 380 2523 464 2568; x_wconf 85' lang='lat' dir='ltr'><strong>Scauro</strong></span> <span class='ocrx_word' id='word_1_248' title='bbox 475 2523 570 2582; x_wconf 85' lang='lat' dir='ltr'><strong>scriptae,</strong></span> <span class='ocrx_word' id='word_1_249' title='bbox 580 2523 662 2569; x_wconf 83' lang='lat' dir='ltr'><strong>additis</strong></span> <span class='ocrx_word' id='word_1_250' title='bbox 670 2525 740 2570; x_wconf 85' lang='lat' dir='ltr'><strong>versi·</strong></span> 
     </span>
     <span class='ocr_line' id='line_1_38' title="bbox 74 2585 742 2649; baseline -0.001 -17"><span class='ocrx_word' id='word_1_251' title='bbox 74 2587 123 2640; x_wconf 81' lang='lat' dir='ltr'><strong>bus,</strong></span> <span class='ocrx_word' id='word_1_252' title='bbox 132 2587 170 2649; x_wconf 89' lang='lat' dir='ltr'><strong>qui</strong></span> <span class='ocrx_word' id='word_1_253' title='bbox 182 2587 205 2634; x_wconf 91' lang='lat' dir='ltr'><strong>in</strong></span> <span class='ocrx_word' id='word_1_254' title='bbox 214 2585 331 2634; x_wconf 87' lang='lat' dir='ltr'><strong>Tiberium</strong></span> <span class='ocrx_word' id='word_1_255' title='bbox 338 2586 492 2632; x_wconf 64' lang='lat' dir='ltr'><strong>flecterentur.</strong></span> <span class='ocrx_word' id='word_1_256' title='bbox 512 2586 605 2630; x_wconf 69' lang='lat' dir='ltr'><strong>Verum</strong></span> <span class='ocrx_word' id='word_1_257' title='bbox 611 2588 641 2629; x_wconf 77' lang='lat' dir='ltr'><strong>ab</strong></span> <span class='ocrx_word' id='word_1_258' title='bbox 646 2587 742 2633; x_wconf 65' lang='lat' dir='ltr'><strong>Servilio</strong></span> 
     </span>
    </p>

    <p class='ocr_par' dir='ltr' id='par_1_4' title="bbox 62 2645 759 2716">
     <span class='ocr_line' id='line_1_39' title="bbox 62 2645 759 2716; baseline -0.009 -11"><span class='ocrx_word' id='word_1_259' title='bbox 62 2662 92 2705; x_wconf 77' lang='lat' dir='ltr'><strong>,et</strong></span> <span class='ocrx_word' id='word_1_260' title='bbox 106 2652 224 2716; x_wconf 81' lang='lat' dir='ltr'><strong>Cornelio,</strong></span> <span class='ocrx_word' id='word_1_261' title='bbox 241 2653 424 2706; x_wconf 77' lang='lat' dir='ltr'><strong>accusatoribus,</strong></span> <span class='ocrx_word' id='word_1_262' title='bbox 435 2645 759 2700; x_wconf 54' lang='lat' dir='ltr'><strong>nuntietrumuvnsmsu·</strong></span> 
     </span>
    </p>
   </div>
   <div class='ocr_carea' id='block_1_3' title="bbox 0 0 855 2910">
    <p class='ocr_par' dir='ltr' id='par_1_5' title="bbox 0 0 855 2910">
     <span class='ocr_line' id='line_1_40' title="bbox 0 0 855 2910; baseline 0 0"><span class='ocrx_word' id='word_1_263' title='bbox 0 0 855 2910; x_wconf 95' lang='lat' dir='ltr'><strong> </strong></span> 
     </span>
    </p>
   </div>
  </div>
 </body>
</html>
