1680 2910
65 141 163 183 J.c.18.
214 135 415 188 ‚ANNALIUM
431 136 653 190 Ltall.Cur.56.
703 146 733 188 ts

64 271 118 331 quis
136 277 215 317 mente
232 270 350 332 concepit:
370 276 394 316 et
411 268 523 317 lerebstur
542 271 679 318 Germanico
695 286 735 333 per

64 336 189 413 ambages·
199 341 225 382 ut
243 350 293 382 mos
310 335 413 389 oraculis,
433 341 545 382 maturum
561 337 655 383 exitium
675 337 734 384 oeci·

99 462 156 511 LV.
171 463 206 511 At
217 461 262 513 On·
270 462 332 518 Piso,
349 478 395 523 quo
404 464 558 526 properantius
577 465 687 513 destinata
697 468 733 515 in·

64 530 159 591 ciperet,
170 529 285 576 civitatem
301 528 482 583 Atheniensium,
492 529 580 577 turbido
591 532 680 578 incessu
690 544 732 579 ex·

65 595 176 650 territum,
195 593 297 641 oratione
307 591 370 640 sevi
386 594 493 655 increpat,
511 595 599 655 oblique
611 596 732 643 Germani·

65 673 120 706 cum
130 659 292 721 poestringens,
301 658 367 719 quod,
378 664 458 706 contra
468 659 536 706 decus
547 659 645 706 Romani
658 661 731 708 nomi·

65 724 111 779 nie,
131 738 178 770 non
199 722 358 777 Athenienses,
377 730 411 769 tot
427 723 524 771 cladibus
542 726 675 784 exstinmos,
692 726 732 773 sed

66 788 189 835 colluviem
199 788 260 835 illam
272 789 395 841 nationum,
411 789 517 835 comitate
527 788 597 836 nimii
607 791 729 837 coluissetr

67 854 111 900 bos
120 853 183 899 enim
197 867 248 899 esse
258 851 398 899 Mithridatis
407 853 515 899 advemus
526 854 618 909 Sullam,
636 855 732 902 Antonii

66 918 177 965 sciremus
196 914 230 963 D.
238 917 369 978 Augustum
389 918 469 963 socios.
501 917 578 964 Etiam
597 926 674 967 vetera
690 921 730 966 ob·

61 982 171 1045 jectabst,
182 996 234 1043 ques
244 982 268 1027 in
279 981 418 1028 Macedones
429 983 571 1043 improspere,
587 984 697 1031 violenter
707 985 730 1031 in

65 1062 122 1095 suos
140 1045 259 1094 fecissent:
284 1045 384 1093 offensus
402 1046 450 1092 urbi
466 1046 556 1108 proprii
574 1063 664 1108 quoque
680 1048 730 1105 ird3

66 1112 121 1173 quia
130 1108 282 1174 Theophilum
298 1110 422 1171 quemdam,
441 1111 595 1173 Areojudicio
605 1112 655 1159 salsi
666 1113 729 1159 dnm·

67 1184 155 1229 ustum,
172 1177 276 1239 precibus
289 1176 336 1222 suis
347 1191 393 1222 non
404 1176 559 1222 concederent
592 1176 654 1223 Exin
666 1179 729 1224 navi-

66 1241 161 1304 gatione
171 1240 238 1287 celeri
248 1256 289 1302 per
298 1238 416 1301 Cycladas,
427 1249 450 1286 et
460 1241 592 1302 compendia
602 1242 676 1296 maris,
693 1256 729 1289 aa·

67 1306 170 1366 sequitur
181 1305 343 1353 Genuanicum
355 1306 413 1367 opud
431 1305 525 1352 insulam
538 1305 653 1364 Rhodum,
672 1306 730 1353 haud

68 1371 180 1428 nuciam,
199 1370 279 1432 quibus
296 1371 479 1417 insectationibus
497 1371 580 1431 petitus
598 1371 670 1417 soret:
691 1370 730 1418 sed

66 1433 314 1485 tantdmansuetudine
324 1435 414 1496 agebat,
432 1444 466 1493 ut,
485 1450 536 1481 curn
548 1442 598 1482 orta
608 1443 729 1497 tempestas

65 1507 154 1563 raperet
164 1501 188 1546 in
200 1500 300 1561 abrupto,
312 1506 434 1562 possetque
445 1501 547 1546 interitus
559 1500 641 1547 inimici
651 1501 678 1547 sd
689 1516 728 1547 cs·

66 1580 117 1612 sum
129 1563 214 1621 referri,
234 1565 321 1611 miserit
338 1565 447 1621 triremes,
465 1580 558 1624 quarum
575 1565 672 1612 subsidio
683 1565 729 1612 dis·

66 1630 155 1676 crimini
166 1630 310 1676 eximeretur.
342 1628 424 1689 Neque
443 1637 518 1675 tamen
535 1630 651 1690 mitigatus
667 1629 728 1686 Piso,

66 1703 90 1741 et
101 1695 141 1741 vix
156 1694 199 1741 diei
215 1709 302 1741 moram
319 1708 444 1756 perpessus,
464 1694 544 1754 linquit
562 1695 729 1750 Germanicum,

65 1759 237 1821 praevenitque:
257 1767 289 1815 et,
308 1766 426 1820 postquam
446 1758 534 1819 Syrium
546 1775 571 1806 nc
582 1760 684 1822 legiones
695 1768 729 1807 nt·

65 1824 125 1885 tigit,
144 1824 274 1886 largitione,
293 1823 385 1880 ambitu,
403 1823 492 1870 infimos
509 1825 679 1886 manipulsrlum
691 1826 731 1888 ju-

65 1888 151 1946 vando,
170 1904 224 1935 cum
241 1895 329 1935 veteres
348 1890 498 1944 centuriones,
516 1905 607 1936 severos
621 1891 730 1944 tribunos,

66 1953 204 2008 demoveret,
215 1953 310 2013 locaque
320 1968 398 1999 eorum
408 1954 526 2000 clientibus
534 1955 580 2000 suis
591 1955 627 2000 vel
638 1954 732 2000 deterri-

67 2033 107 2064 rno
117 2018 199 2079 cuique
209 2018 345 2071 attribueret,
363 2018 468 2064 desidiam
480 2019 503 2064 in
514 2020 602 2074 cestris,
618 2019 732 2064 licentiam

66 2083 91 2130 in
103 2083 200 2135 urbibus,
212 2097 296 2143 vagum
308 2097 333 2128 ac
344 2083 496 2130 lascivientem
508 2099 548 2143 per
558 2098 625 2144 agros
636 2083 730 2129 militem

67 2148 158 2202 sineret,
177 2163 206 2193 eo
223 2162 294 2207 usque
311 2149 459 2208 corruptionis
470 2147 583 2208 protectus
594 2155 635 2201 est,
648 2155 672 2193 ut
683 2163 731 2194 ser·

67 2227 136 2259 mone
148 2212 213 2272 vulgi
223 2227 304 2273 parens
316 2211 430 2273 legionum
442 2213 568 2258 haberetur.
598 2212 649 2258 Nec
661 2211 731 2260 Plan·

68 2278 155 2323 cinam
166 2277 226 2323 intra
242 2275 324 2322 decora
341 2276 431 2323 feminis
447 2277 549 2333 tenebat3
568 2277 608 2322 sed
624 2279 731 2324 exercitio

66 2341 177 2401 equitum,
194 2341 323 2387 decursibus
333 2342 458 2387 cohortium
470 2342 593 2398 interesse;
610 2342 634 2388 in
646 2343 731 2405 Agrip-

66 2407 151 2468 pinam,
171 2406 195 2452 in
207 2406 368 2453 Germanicum
380 2406 621 2469 contumeliasJacere5
640 2409 731 2468 quibus-

67 2471 120 2519 dam
128 2471 197 2523 etism
211 2471 321 2517 bonorum
333 2471 429 2517 militurn
437 2471 532 2518 admala
542 2472 731 2533 obsequisprorn-

68 2535 104 2589 tis,
119 2535 188 2597 quod,
206 2534 281 2581 haud
276 2535 351 2582 invito
362 2536 499 2601 imperatore
516 2536 620 2592 enisuri,
638 2537 747 2583 ιιιιιιιιιιι

67 2614 147 2646 rumor
154 2600 281 2650 incedebat

53 2662 161 2777 rog!
179 2664 248 2719 Nom
272 2670 326 2724 haec
350 2673 525 2737 Gennadium
550 2672 598 2721 sed
617 2661 739 2735 proseria
752 2653 789 2699 sk

188 2766 196 2785 '
561 2758 584 2789 ιι
