<?xml version="1.0" encoding="UTF-8"?>
<!DOCTYPE html PUBLIC "-//W3C//DTD XHTML 1.0 Transitional//EN"
    "http://www.w3.org/TR/xhtml1/DTD/xhtml1-transitional.dtd">
<html xmlns="http://www.w3.org/1999/xhtml" xml:lang="en" lang="en">
 <head>
  <title>
</title>
<meta http-equiv="Content-Type" content="text/html;charset=utf-8" />
  <meta name='ocr-system' content='tesseract 3.04.00' />
  <meta name='ocr-capabilities' content='ocr_page ocr_carea ocr_par ocr_line ocrx_word'/>
</head>
<body>
  <div class='ocr_page' id='page_1' title='image "./ccorneliitaciti00obergoog_0219.png"; bbox 0 0 1680 2910; ppageno 0'>
   <div class='ocr_carea' id='block_1_1' title="bbox 64 130 730 183">
    <p class='ocr_par' dir='ltr' id='par_1_1' title="bbox 64 130 730 183">
     <span class='ocr_line' id='line_1_1' title="bbox 64 130 730 183; baseline -0.002 -1"><span class='ocrx_word' id='word_1_1' title='bbox 64 138 111 182; x_wconf 70' lang='lat'><strong>208</strong></span> <span class='ocrx_word' id='word_1_2' title='bbox 145 133 338 183; x_wconf 87' lang='lat' dir='ltr'>ANNALIUM</span> <span class='ocrx_word' id='word_1_3' title='bbox 353 133 406 181; x_wconf 86' lang='lat' dir='ltr'><strong>Lus.</strong></span> <span class='ocrx_word' id='word_1_4' title='bbox 414 130 579 182; x_wconf 64' lang='lat' dir='ltr'><strong>wien-863</strong></span> <span class='ocrx_word' id='word_1_5' title='bbox 614 134 730 181; x_wconf 56' lang='lat' dir='ltr'><strong>tho-&#39;iffi</strong></span> 
     </span>
    </p>
   </div>
   <div class='ocr_carea' id='block_1_2' title="bbox 64 261 761 2733">
    <p class='ocr_par' dir='ltr' id='par_1_2' title="bbox 64 261 732 583">
     <span class='ocr_line' id='line_1_2' title="bbox 64 261 731 327; baseline -0.006 -16"><span class='ocrx_word' id='word_1_6' title='bbox 64 265 166 327; x_wconf 83' lang='lat' dir='ltr'><strong>integros</strong></span> <span class='ocrx_word' id='word_1_7' title='bbox 177 272 249 311; x_wconf 85' lang='lat' dir='ltr'><strong>semet</strong></span> <span class='ocrx_word' id='word_1_8' title='bbox 259 281 272 311; x_wconf 87' lang='lat' dir='ltr'><strong>a</strong></span> <span class='ocrx_word' id='word_1_9' title='bbox 284 264 390 311; x_wconf 86' lang='lat' dir='ltr'><strong>Parthico</strong></span> <span class='ocrx_word' id='word_1_10' title='bbox 401 264 530 311; x_wconf 85' lang='lat' dir='ltr'><strong>dominatu:</strong></span> <span class='ocrx_word' id='word_1_11' title='bbox 551 270 639 325; x_wconf 79' lang='lat' dir='ltr'><strong>quanto</strong></span> <span class='ocrx_word' id='word_1_12' title='bbox 649 261 731 324; x_wconf 82' lang='lat' dir='ltr'><strong>rasjors</strong></span> 
     </span>
     <span class='ocr_line' id='line_1_3' title="bbox 65 327 731 391; baseline -0.002 -17"><span class='ocrx_word' id='word_1_13' title='bbox 65 336 174 390; x_wconf 87' lang='lat' dir='ltr'><strong>peterent,</strong></span> <span class='ocrx_word' id='word_1_14' title='bbox 190 331 240 391; x_wconf 90' lang='lat' dir='ltr'><strong>plus</strong></span> <span class='ocrx_word' id='word_1_15' title='bbox 250 331 337 376; x_wconf 88' lang='lat' dir='ltr'><strong>decoris</strong></span> <span class='ocrx_word' id='word_1_16' title='bbox 347 331 452 389; x_wconf 81' lang='lat' dir='ltr'><strong>victoreq,</strong></span> <span class='ocrx_word' id='word_1_17' title='bbox 467 336 513 384; x_wconf 83' lang='lat' dir='ltr'><strong>aut,</strong></span> <span class='ocrx_word' id='word_1_18' title='bbox 531 329 635 391; x_wconf 51' lang='lat' dir='ltr'><strong>almerge</strong></span> <span class='ocrx_word' id='word_1_19' title='bbox 648 327 731 380; x_wconf 84' lang='lat' dir='ltr'><strong>dsseut,</strong></span> 
     </span>
     <span class='ocr_line' id='line_1_4' title="bbox 66 393 730 456; baseline 0.002 -18"><span class='ocrx_word' id='word_1_20' title='bbox 66 393 424 456; x_wconf 78' lang='lat' dir='ltr'><strong>flagitiiatquepericulilaturos:</strong></span> <span class='ocrx_word' id='word_1_21' title='bbox 443 395 511 441; x_wconf 84' lang='lat' dir='ltr'><strong>simul</strong></span> <span class='ocrx_word' id='word_1_22' title='bbox 518 393 730 441; x_wconf 77' lang='lat' dir='ltr'><strong>borridammorum</strong></span> 
     </span>
     <span class='ocr_line' id='line_1_5' title="bbox 65 456 732 522; baseline -0.003 -17"><span class='ocrx_word' id='word_1_23' title='bbox 65 459 143 511; x_wconf 84' lang='lat' dir='ltr'><strong>aciem,</strong></span> <span class='ocrx_word' id='word_1_24' title='bbox 154 460 214 520; x_wconf 77' lang='lat' dir='ltr'><strong>picta</strong></span> <span class='ocrx_word' id='word_1_25' title='bbox 224 475 279 506; x_wconf 85' lang='lat' dir='ltr'><strong>suro</strong></span> <span class='ocrx_word' id='word_1_26' title='bbox 290 459 412 507; x_wconf 85' lang='lat' dir='ltr'>Medorum</span> <span class='ocrx_word' id='word_1_27' title='bbox 423 460 527 522; x_wconf 80' lang='lat' dir='ltr'><strong>agmina;</strong></span> <span class='ocrx_word' id='word_1_28' title='bbox 542 459 674 514; x_wconf 87' lang='lat' dir='ltr'><strong>bincviros,</strong></span> <span class='ocrx_word' id='word_1_29' title='bbox 682 456 732 503; x_wconf 86' lang='lat' dir='ltr'><strong>iads</strong></span> 
     </span>
     <span class='ocr_line' id='line_1_6' title="bbox 68 523 303 583; baseline 0.009 -15"><span class='ocrx_word' id='word_1_30' title='bbox 68 523 166 583; x_wconf 81' lang='lat' dir='ltr'><strong>praedam</strong></span> <span class='ocrx_word' id='word_1_31' title='bbox 178 526 303 571; x_wconf 82' lang='lat' dir='ltr'><strong>ostendere.</strong></span> 
     </span>
    </p>

    <p class='ocr_par' dir='ltr' id='par_1_3' title="bbox 67 586 736 1818">
     <span class='ocr_line' id='line_1_7' title="bbox 100 586 733 651; baseline 0 -19"><span class='ocrx_word' id='word_1_32' title='bbox 100 586 210 635; x_wconf 90' lang='lat' dir='ltr'>XXXV.</span> <span class='ocrx_word' id='word_1_33' title='bbox 227 588 352 636; x_wconf 84' lang='lat' dir='ltr'><strong>Enimvero</strong></span> <span class='ocrx_word' id='word_1_34' title='bbox 367 589 425 651; x_wconf 88' lang='lat' dir='ltr'><strong>apud</strong></span> <span class='ocrx_word' id='word_1_35' title='bbox 440 589 556 636; x_wconf 77' lang='lat' dir='ltr'><strong>Sarmetm</strong></span> <span class='ocrx_word' id='word_1_36' title='bbox 570 602 618 635; x_wconf 93' lang='lat' dir='ltr'><strong>non</strong></span> <span class='ocrx_word' id='word_1_37' title='bbox 633 598 733 635; x_wconf 81' lang='lat' dir='ltr'><strong>unsrox</strong></span> 
     </span>
     <span class='ocr_line' id='line_1_8' title="bbox 69 651 732 716; baseline 0.011 -19"><span class='ocrx_word' id='word_1_38' title='bbox 69 653 147 710; x_wconf 88' lang='lat' dir='ltr'><strong>ducis;</strong></span> <span class='ocrx_word' id='word_1_39' title='bbox 165 670 189 700; x_wconf 87' lang='lat' dir='ltr'><strong>se</strong></span> <span class='ocrx_word' id='word_1_40' title='bbox 199 656 294 715; x_wconf 84' lang='lat' dir='ltr'><strong>quisque</strong></span> <span class='ocrx_word' id='word_1_41' title='bbox 304 655 426 709; x_wconf 81' lang='lat' dir='ltr'><strong>stimulant,</strong></span> <span class='ocrx_word' id='word_1_42' title='bbox 438 669 467 701; x_wconf 84' lang='lat' dir='ltr'><strong>ne</strong></span> <span class='ocrx_word' id='word_1_43' title='bbox 476 668 577 716; x_wconf 78' lang='lat' dir='ltr'><strong>pugnam</strong></span> <span class='ocrx_word' id='word_1_44' title='bbox 588 669 632 715; x_wconf 79' lang='lat' dir='ltr'><strong>per</strong></span> <span class='ocrx_word' id='word_1_45' title='bbox 641 651 732 714; x_wconf 63' lang='grc' dir='ltr'><strong>18ςίἥῦ</strong></span> 
     </span>
     <span class='ocr_line' id='line_1_9' title="bbox 67 716 732 781; baseline 0.005 -20"><span class='ocrx_word' id='word_1_46' title='bbox 67 717 165 776; x_wconf 81' lang='lat' dir='ltr'><strong>inirent3</strong></span> <span class='ocrx_word' id='word_1_47' title='bbox 183 719 628 781; x_wconf 69' lang='lat' dir='ltr'><strong>impetuetcomminuspraeveniendums</strong></span> <span class='ocrx_word' id='word_1_48' title='bbox 658 716 732 764; x_wconf 73' lang='lat' dir='ltr'><strong>Vsus</strong></span> 
     </span>
     <span class='ocr_line' id='line_1_10' title="bbox 69 780 732 846; baseline 0.002 -20"><span class='ocrx_word' id='word_1_49' title='bbox 69 782 121 828; x_wconf 90' lang='lat' dir='ltr'><strong>binc</strong></span> <span class='ocrx_word' id='word_1_50' title='bbox 132 784 261 831; x_wconf 78' lang='lat' dir='ltr'><strong>bellantium</strong></span> <span class='ocrx_word' id='word_1_51' title='bbox 273 785 371 846; x_wconf 79' lang='lat' dir='ltr'><strong>species5</strong></span> <span class='ocrx_word' id='word_1_52' title='bbox 389 799 440 830; x_wconf 89' lang='lat' dir='ltr'><strong>cum</strong></span> <span class='ocrx_word' id='word_1_53' title='bbox 453 783 557 838; x_wconf 84' lang='lat' dir='ltr'><strong>Parthus,</strong></span> <span class='ocrx_word' id='word_1_54' title='bbox 574 783 640 844; x_wconf 87' lang='lat' dir='ltr'><strong>aequi</strong></span> <span class='ocrx_word' id='word_1_55' title='bbox 650 782 689 829; x_wconf 82' lang='lat' dir='ltr'><strong>vel</strong></span> <span class='ocrx_word' id='word_1_56' title='bbox 697 780 732 827; x_wconf 91' lang='lat' dir='ltr'><strong>l&#39;u·</strong></span> 
     </span>
     <span class='ocr_line' id='line_1_11' title="bbox 68 847 732 910; baseline 0.002 -18"><span class='ocrx_word' id='word_1_57' title='bbox 68 862 124 907; x_wconf 83' lang='lat' dir='ltr'><strong>gere</strong></span> <span class='ocrx_word' id='word_1_58' title='bbox 134 850 182 910; x_wconf 86' lang='lat' dir='ltr'><strong>pari</strong></span> <span class='ocrx_word' id='word_1_59' title='bbox 193 855 241 895; x_wconf 87' lang='lat' dir='ltr'><strong>arte</strong></span> <span class='ocrx_word' id='word_1_60' title='bbox 253 859 336 904; x_wconf 88' lang='lat' dir='ltr'><strong>suetus,</strong></span> <span class='ocrx_word' id='word_1_61' title='bbox 347 850 478 895; x_wconf 75' lang='lat' dir='ltr'>distraheret</span> <span class='ocrx_word' id='word_1_62' title='bbox 488 856 581 904; x_wconf 81' lang='lat' dir='ltr'><strong>turmas,</strong></span> <span class='ocrx_word' id='word_1_63' title='bbox 592 848 692 910; x_wconf 73' lang='lat' dir='ltr'><strong>spptium</strong></span> <span class='ocrx_word' id='word_1_64' title='bbox 701 847 732 893; x_wconf 88' lang='lat' dir='ltr'><strong>io·</strong></span> 
     </span>
     <span class='ocr_line' id='line_1_12' title="bbox 68 912 734 975; baseline 0.002 -18"><span class='ocrx_word' id='word_1_65' title='bbox 68 913 128 959; x_wconf 89' lang='lat' dir='ltr'><strong>tibus</strong></span> <span class='ocrx_word' id='word_1_66' title='bbox 139 922 265 973; x_wconf 69' lang='lat' dir='ltr'><strong>quaereret:</strong></span> <span class='ocrx_word' id='word_1_67' title='bbox 285 914 403 968; x_wconf 86' lang='lat' dir='ltr'><strong>Sarmstae,</strong></span> <span class='ocrx_word' id='word_1_68' title='bbox 416 915 500 960; x_wconf 88' lang='lat' dir='ltr'><strong>omisso</strong></span> <span class='ocrx_word' id='word_1_69' title='bbox 510 928 571 968; x_wconf 88' lang='lat' dir='ltr'><strong>arcu,</strong></span> <span class='ocrx_word' id='word_1_70' title='bbox 588 929 636 975; x_wconf 91' lang='lat' dir='ltr'><strong>quo</strong></span> <span class='ocrx_word' id='word_1_71' title='bbox 646 912 734 959; x_wconf 86' lang='lat' dir='ltr'><strong>brevius</strong></span> 
     </span>
     <span class='ocr_line' id='line_1_13' title="bbox 68 976 734 1041; baseline 0.005 -19"><span class='ocrx_word' id='word_1_72' title='bbox 68 978 152 1033; x_wconf 79' lang='lat' dir='ltr'><strong>valent,</strong></span> <span class='ocrx_word' id='word_1_73' title='bbox 170 980 243 1026; x_wconf 89' lang='lat' dir='ltr'><strong>contis</strong></span> <span class='ocrx_word' id='word_1_74' title='bbox 263 979 388 1041; x_wconf 71' lang='lat' dir='ltr'><strong>gladiisque</strong></span> <span class='ocrx_word' id='word_1_75' title='bbox 409 987 516 1036; x_wconf 78' lang='lat' dir='ltr'><strong>ruerent3</strong></span> <span class='ocrx_word' id='word_1_76' title='bbox 537 978 607 1025; x_wconf 89' lang='lat' dir='ltr'><strong>modo</strong></span> <span class='ocrx_word' id='word_1_77' title='bbox 625 976 734 1039; x_wconf 82' lang='lat' dir='ltr'><strong>equestris</strong></span> 
     </span>
     <span class='ocr_line' id='line_1_14' title="bbox 69 1043 734 1106; baseline 0.003 -20"><span class='ocrx_word' id='word_1_78' title='bbox 69 1043 142 1102; x_wconf 86' lang='lat' dir='ltr'><strong>proelii</strong></span> <span class='ocrx_word' id='word_1_79' title='bbox 161 1059 232 1099; x_wconf 89' lang='lat' dir='ltr'><strong>more,</strong></span> <span class='ocrx_word' id='word_1_80' title='bbox 251 1043 333 1090; x_wconf 83' lang='lat' dir='ltr'><strong>frontis</strong></span> <span class='ocrx_word' id='word_1_81' title='bbox 351 1056 375 1090; x_wconf 90' lang='lat' dir='ltr'><strong>et</strong></span> <span class='ocrx_word' id='word_1_82' title='bbox 392 1045 451 1106; x_wconf 80' lang='lat' dir='ltr'><strong>tergi</strong></span> <span class='ocrx_word' id='word_1_83' title='bbox 470 1044 545 1100; x_wconf 80' lang='lat' dir='ltr'><strong>vices3</strong></span> <span class='ocrx_word' id='word_1_84' title='bbox 562 1043 692 1104; x_wconf 84' lang='lat' dir='ltr'><strong>aliquando,</strong></span> <span class='ocrx_word' id='word_1_85' title='bbox 709 1047 734 1088; x_wconf 81' lang='lat' dir='ltr'><strong>ut</strong></span> 
     </span>
     <span class='ocr_line' id='line_1_15' title="bbox 70 1107 733 1171; baseline 0.005 -20"><span class='ocrx_word' id='word_1_86' title='bbox 70 1107 172 1155; x_wconf 80' lang='lat' dir='ltr'><strong>conferta</strong></span> <span class='ocrx_word' id='word_1_87' title='bbox 179 1110 244 1165; x_wconf 86' lang='lat' dir='ltr'><strong>scies,</strong></span> <span class='ocrx_word' id='word_1_88' title='bbox 253 1110 382 1171; x_wconf 81' lang='lat' dir='ltr'><strong>corporibus</strong></span> <span class='ocrx_word' id='word_1_89' title='bbox 392 1116 415 1155; x_wconf 92' lang='lat' dir='ltr'><strong>et</strong></span> <span class='ocrx_word' id='word_1_90' title='bbox 425 1108 490 1170; x_wconf 88' lang='lat' dir='ltr'><strong>pulsu</strong></span> <span class='ocrx_word' id='word_1_91' title='bbox 497 1124 610 1155; x_wconf 86' lang='lat' dir='ltr'><strong>armorum</strong></span> <span class='ocrx_word' id='word_1_92' title='bbox 619 1109 733 1170; x_wconf 80' lang='lat' dir='ltr'><strong>pellerent,</strong></span> 
     </span>
     <span class='ocr_line' id='line_1_16' title="bbox 70 1172 734 1235; baseline 0.002 -17"><span class='ocrx_word' id='word_1_93' title='bbox 70 1172 214 1234; x_wconf 88' lang='lat' dir='ltr'><strong>pellerentur.</strong></span> <span class='ocrx_word' id='word_1_94' title='bbox 244 1173 342 1235; x_wconf 81' lang='lat' dir='ltr'><strong>Jamque</strong></span> <span class='ocrx_word' id='word_1_95' title='bbox 357 1182 380 1221; x_wconf 85' lang='lat' dir='ltr'><strong>et</strong></span> <span class='ocrx_word' id='word_1_96' title='bbox 399 1175 480 1220; x_wconf 87' lang='lat' dir='ltr'><strong>Albani</strong></span> <span class='ocrx_word' id='word_1_97' title='bbox 498 1172 603 1234; x_wconf 88' lang='lat' dir='ltr'><strong>Iberique</strong></span> <span class='ocrx_word' id='word_1_98' title='bbox 621 1186 734 1235; x_wconf 82' lang='lat' dir='ltr'><strong>prensare,</strong></span> 
     </span>
     <span class='ocr_line' id='line_1_17' title="bbox 71 1234 735 1300; baseline 0 -17"><span class='ocrx_word' id='word_1_99' title='bbox 71 1237 195 1291; x_wconf 87' lang='lat' dir='ltr'><strong>detrudere,</strong></span> <span class='ocrx_word' id='word_1_100' title='bbox 207 1240 326 1300; x_wconf 75' lang='lat' dir='ltr'><strong>ancipitem</strong></span> <span class='ocrx_word' id='word_1_101' title='bbox 337 1254 436 1300; x_wconf 86' lang='lat' dir='ltr'><strong>pugnam</strong></span> <span class='ocrx_word' id='word_1_102' title='bbox 444 1239 544 1284; x_wconf 75' lang='lat' dir='ltr'><strong>hostibus</strong></span> <span class='ocrx_word' id='word_1_103' title='bbox 554 1237 638 1289; x_wconf 78' lang='lat' dir='ltr'><strong>lacere.</strong></span> <span class='ocrx_word' id='word_1_104' title='bbox 671 1234 735 1293; x_wconf 77' lang='lat' dir='ltr'><strong>Quos</strong></span> 
     </span>
     <span class='ocr_line' id='line_1_18' title="bbox 70 1300 734 1366; baseline 0.002 -18"><span class='ocrx_word' id='word_1_105' title='bbox 70 1317 137 1364; x_wconf 86' lang='lat' dir='ltr'><strong>super</strong></span> <span class='ocrx_word' id='word_1_106' title='bbox 156 1319 231 1364; x_wconf 86' lang='lat' dir='ltr'><strong>eques,</strong></span> <span class='ocrx_word' id='word_1_107' title='bbox 248 1313 272 1350; x_wconf 89' lang='lat' dir='ltr'><strong>et</strong></span> <span class='ocrx_word' id='word_1_108' title='bbox 292 1305 429 1366; x_wconf 86' lang='lat' dir='ltr'><strong>propioribus</strong></span> <span class='ocrx_word' id='word_1_109' title='bbox 450 1304 578 1350; x_wconf 87' lang='lat' dir='ltr'><strong>vulneribus</strong></span> <span class='ocrx_word' id='word_1_110' title='bbox 593 1303 681 1364; x_wconf 82' lang='lat' dir='ltr'><strong>pedites</strong></span> <span class='ocrx_word' id='word_1_111' title='bbox 701 1300 734 1349; x_wconf 81' lang='lat' dir='ltr'><strong>si·</strong></span> 
     </span>
     <span class='ocr_line' id='line_1_19' title="bbox 70 1366 735 1429; baseline 0.002 -16"><span class='ocrx_word' id='word_1_112' title='bbox 70 1366 191 1415; x_wconf 83' lang='lat' dir='ltr'><strong>dictabant.</strong></span> <span class='ocrx_word' id='word_1_113' title='bbox 225 1366 290 1415; x_wconf 87' lang='lat' dir='ltr'><strong>Inter</strong></span> <span class='ocrx_word' id='word_1_114' title='bbox 297 1384 348 1429; x_wconf 86' lang='lat' dir='ltr'><strong>quae</strong></span> <span class='ocrx_word' id='word_1_115' title='bbox 360 1368 522 1415; x_wconf 72' lang='lat' dir='ltr'><strong>Pharasmanes</strong></span> <span class='ocrx_word' id='word_1_116' title='bbox 531 1367 672 1429; x_wconf 88' lang='lat' dir='ltr'><strong>Orodesque,</strong></span> <span class='ocrx_word' id='word_1_117' title='bbox 683 1368 735 1414; x_wconf 85' lang='lat' dir='ltr'><strong>dun</strong></span> 
     </span>
     <span class='ocr_line' id='line_1_20' title="bbox 70 1432 734 1494; baseline 0.003 -18"><span class='ocrx_word' id='word_1_118' title='bbox 70 1435 168 1479; x_wconf 87' lang='lat' dir='ltr'><strong>strenuis</strong></span> <span class='ocrx_word' id='word_1_119' title='bbox 179 1433 266 1483; x_wconf 77' lang='lat' dir='ltr'><strong>adsunt,</strong></span> <span class='ocrx_word' id='word_1_120' title='bbox 278 1443 317 1480; x_wconf 86' lang='lat' dir='ltr'><strong>aut</strong></span> <span class='ocrx_word' id='word_1_121' title='bbox 328 1434 476 1480; x_wconf 87' lang='lat' dir='ltr'><strong>dubitantibus</strong></span> <span class='ocrx_word' id='word_1_122' title='bbox 488 1433 630 1486; x_wconf 80' lang='lat' dir='ltr'><strong>subveniunt,</strong></span> <span class='ocrx_word' id='word_1_123' title='bbox 646 1432 734 1494; x_wconf 84' lang='lat' dir='ltr'><strong>conspi-</strong></span> 
     </span>
     <span class='ocr_line' id='line_1_21' title="bbox 70 1498 734 1560; baseline -0.002 -17"><span class='ocrx_word' id='word_1_124' title='bbox 70 1499 113 1551; x_wconf 86' lang='lat' dir='ltr'><strong>cui,</strong></span> <span class='ocrx_word' id='word_1_125' title='bbox 123 1514 194 1558; x_wconf 90' lang='lat' dir='ltr'><strong>eoque</strong></span> <span class='ocrx_word' id='word_1_126' title='bbox 202 1499 273 1560; x_wconf 83' lang='lat' dir='ltr'><strong>gnari,</strong></span> <span class='ocrx_word' id='word_1_127' title='bbox 281 1500 384 1554; x_wconf 87' lang='lat' dir='ltr'><strong>clamore,</strong></span> <span class='ocrx_word' id='word_1_128' title='bbox 393 1501 449 1552; x_wconf 88' lang='lat' dir='ltr'><strong>telis,</strong></span> <span class='ocrx_word' id='word_1_129' title='bbox 459 1500 522 1559; x_wconf 88' lang='lat' dir='ltr'><strong>equis</strong></span> <span class='ocrx_word' id='word_1_130' title='bbox 529 1505 681 1544; x_wconf 81' lang='lat' dir='ltr'><strong>concurrunt:</strong></span> <span class='ocrx_word' id='word_1_131' title='bbox 700 1498 734 1542; x_wconf 91' lang='lat' dir='ltr'><strong>in·</strong></span> 
     </span>
     <span class='ocr_line' id='line_1_22' title="bbox 69 1562 735 1625; baseline 0 -19"><span class='ocrx_word' id='word_1_132' title='bbox 69 1565 164 1609; x_wconf 85' lang='lat' dir='ltr'><strong>stantius</strong></span> <span class='ocrx_word' id='word_1_133' title='bbox 170 1563 344 1610; x_wconf 85' lang='lat' dir='ltr'><strong>Pharasmanes:</strong></span> <span class='ocrx_word' id='word_1_134' title='bbox 359 1579 410 1609; x_wconf 87' lang='lat' dir='ltr'><strong>nam</strong></span> <span class='ocrx_word' id='word_1_135' title='bbox 417 1564 498 1611; x_wconf 87' lang='lat' dir='ltr'><strong>vulnus</strong></span> <span class='ocrx_word' id='word_1_136' title='bbox 506 1579 546 1624; x_wconf 91' lang='lat' dir='ltr'><strong>per</strong></span> <span class='ocrx_word' id='word_1_137' title='bbox 552 1563 641 1625; x_wconf 81' lang='lat' dir='ltr'><strong>galeam</strong></span> <span class='ocrx_word' id='word_1_138' title='bbox 649 1562 735 1623; x_wconf 80' lang='lat' dir='ltr'><strong>adegit3</strong></span> 
     </span>
     <span class='ocr_line' id='line_1_23' title="bbox 72 1627 736 1690; baseline 0.003 -19"><span class='ocrx_word' id='word_1_139' title='bbox 72 1641 114 1672; x_wconf 89' lang='lat' dir='ltr'><strong>nec</strong></span> <span class='ocrx_word' id='word_1_140' title='bbox 126 1628 207 1674; x_wconf 88' lang='lat' dir='ltr'><strong>iterare</strong></span> <span class='ocrx_word' id='word_1_141' title='bbox 218 1629 294 1681; x_wconf 85' lang='lat' dir='ltr'><strong>valuit,</strong></span> <span class='ocrx_word' id='word_1_142' title='bbox 306 1629 411 1690; x_wconf 83' lang='lat' dir='ltr'><strong>praelatus</strong></span> <span class='ocrx_word' id='word_1_143' title='bbox 422 1642 485 1687; x_wconf 85' lang='lat' dir='ltr'><strong>equo,</strong></span> <span class='ocrx_word' id='word_1_144' title='bbox 498 1628 658 1674; x_wconf 82' lang='lat' dir='ltr'><strong>eti&#39;ortissimis</strong></span> <span class='ocrx_word' id='word_1_145' title='bbox 670 1627 736 1673; x_wconf 86' lang='lat' dir='ltr'><strong>satel-</strong></span> 
     </span>
     <span class='ocr_line' id='line_1_24' title="bbox 70 1691 736 1754; baseline 0.003 -19"><span class='ocrx_word' id='word_1_146' title='bbox 70 1691 135 1736; x_wconf 91' lang='lat' dir='ltr'><strong>litum</strong></span> <span class='ocrx_word' id='word_1_147' title='bbox 142 1694 312 1754; x_wconf 82' lang='lat' dir='ltr'><strong>protegentibus</strong></span> <span class='ocrx_word' id='word_1_148' title='bbox 320 1694 427 1739; x_wconf 81' lang='lat' dir='ltr'><strong>saucium</strong></span> <span class='ocrx_word' id='word_1_149' title='bbox 437 1691 507 1738; x_wconf 81' lang='lat' dir='ltr'><strong>Fama</strong></span> <span class='ocrx_word' id='word_1_150' title='bbox 515 1700 589 1738; x_wconf 86' lang='lat' dir='ltr'><strong>tamen</strong></span> <span class='ocrx_word' id='word_1_151' title='bbox 598 1692 674 1746; x_wconf 82' lang='lat' dir='ltr'><strong>occisi,</strong></span> <span class='ocrx_word' id='word_1_152' title='bbox 681 1691 736 1737; x_wconf 80' lang='lat' dir='ltr'><strong>falso</strong></span> 
     </span>
     <span class='ocr_line' id='line_1_25' title="bbox 71 1754 713 1818; baseline 0.003 -19"><span class='ocrx_word' id='word_1_153' title='bbox 71 1755 161 1809; x_wconf 82' lang='lat' dir='ltr'><strong>credita,</strong></span> <span class='ocrx_word' id='word_1_154' title='bbox 171 1759 279 1803; x_wconf 89' lang='lat' dir='ltr'><strong>exterruit</strong></span> <span class='ocrx_word' id='word_1_155' title='bbox 291 1758 392 1812; x_wconf 86' lang='lat' dir='ltr'><strong>Parthos,</strong></span> <span class='ocrx_word' id='word_1_156' title='bbox 404 1757 562 1818; x_wconf 89' lang='lat' dir='ltr'><strong>victoriamque</strong></span> <span class='ocrx_word' id='word_1_157' title='bbox 573 1754 713 1803; x_wconf 69' lang='lat' dir='ltr'><strong>concessere.</strong></span> 
     </span>
    </p>

    <p class='ocr_par' dir='ltr' id='par_1_4' title="bbox 65 1820 761 2733">
     <span class='ocr_line' id='line_1_26' title="bbox 106 1820 735 1883; baseline 0 -17"><span class='ocrx_word' id='word_1_158' title='bbox 106 1820 231 1867; x_wconf 89' lang='lat' dir='ltr'>XXXVI.</span> <span class='ocrx_word' id='word_1_159' title='bbox 248 1823 307 1868; x_wconf 84' lang='lat' dir='ltr'><strong>lllox</strong></span> <span class='ocrx_word' id='word_1_160' title='bbox 319 1823 447 1869; x_wconf 77' lang='lat' dir='ltr'><strong>Artabanus</strong></span> <span class='ocrx_word' id='word_1_161' title='bbox 457 1821 505 1868; x_wconf 78' lang='lat' dir='ltr'><strong>toti</strong></span> <span class='ocrx_word' id='word_1_162' title='bbox 515 1823 575 1868; x_wconf 89' lang='lat' dir='ltr'><strong>mole</strong></span> <span class='ocrx_word' id='word_1_163' title='bbox 587 1823 653 1883; x_wconf 84' lang='lat' dir='ltr'><strong>regni</strong></span> <span class='ocrx_word' id='word_1_164' title='bbox 664 1822 735 1868; x_wconf 90' lang='lat' dir='ltr'><strong>ultum</strong></span> 
     </span>
     <span class='ocr_line' id='line_1_27' title="bbox 72 1885 736 1949; baseline 0.002 -19"><span class='ocrx_word' id='word_1_165' title='bbox 72 1885 113 1930; x_wconf 85' lang='lat' dir='ltr'><strong>iit:</strong></span> <span class='ocrx_word' id='word_1_166' title='bbox 133 1885 212 1947; x_wconf 76' lang='lat' dir='ltr'><strong>peritii</strong></span> <span class='ocrx_word' id='word_1_167' title='bbox 222 1888 323 1933; x_wconf 82' lang='lat' dir='ltr'><strong>locorum</strong></span> <span class='ocrx_word' id='word_1_168' title='bbox 335 1889 362 1933; x_wconf 89' lang='lat' dir='ltr'><strong>ab</strong></span> <span class='ocrx_word' id='word_1_169' title='bbox 371 1886 441 1934; x_wconf 86' lang='lat' dir='ltr'><strong>Iberis</strong></span> <span class='ocrx_word' id='word_1_170' title='bbox 447 1887 526 1932; x_wconf 87' lang='lat' dir='ltr'><strong>melius</strong></span> <span class='ocrx_word' id='word_1_171' title='bbox 533 1896 660 1949; x_wconf 79' lang='lat' dir='ltr'><strong>pugnaturn</strong></span> <span class='ocrx_word' id='word_1_172' title='bbox 669 1905 675 1932; x_wconf 75' lang='grc' dir='ltr'><strong><em>ι</em></strong></span> <span class='ocrx_word' id='word_1_173' title='bbox 696 1900 736 1932; x_wconf 91' lang='lat' dir='ltr'><strong>nec</strong></span> 
     </span>
     <span class='ocr_line' id='line_1_28' title="bbox 73 1950 736 2012; baseline 0.002 -17"><span class='ocrx_word' id='word_1_174' title='bbox 73 1950 123 1996; x_wconf 89' lang='lat' dir='ltr'><strong>ideo</strong></span> <span class='ocrx_word' id='word_1_175' title='bbox 135 1953 271 2006; x_wconf 86' lang='lat' dir='ltr'><strong>abscedebat,</strong></span> <span class='ocrx_word' id='word_1_176' title='bbox 289 1954 319 2006; x_wconf 89' lang='lat' dir='ltr'><strong>ni,</strong></span> <span class='ocrx_word' id='word_1_177' title='bbox 336 1953 456 1998; x_wconf 88' lang='lat' dir='ltr'><strong>contractis</strong></span> <span class='ocrx_word' id='word_1_178' title='bbox 472 1952 605 2012; x_wconf 84' lang='lat' dir='ltr'><strong>legionibus,</strong></span> <span class='ocrx_word' id='word_1_179' title='bbox 624 1950 736 2003; x_wconf 82' lang='lat' dir='ltr'><strong>Vitellius,</strong></span> 
     </span>
     <span class='ocr_line' id='line_1_29' title="bbox 73 2015 736 2077; baseline 0 -16"><span class='ocrx_word' id='word_1_180' title='bbox 73 2024 97 2061; x_wconf 90' lang='lat' dir='ltr'><strong>et</strong></span> <span class='ocrx_word' id='word_1_181' title='bbox 108 2017 195 2063; x_wconf 87' lang='lat' dir='ltr'><strong>subdito</strong></span> <span class='ocrx_word' id='word_1_182' title='bbox 207 2033 304 2071; x_wconf 85' lang='lat' dir='ltr'><strong>rumore,</strong></span> <span class='ocrx_word' id='word_1_183' title='bbox 318 2025 430 2076; x_wconf 77' lang='lat' dir='ltr'><strong>tamquam</strong></span> <span class='ocrx_word' id='word_1_184' title='bbox 443 2015 633 2077; x_wconf 82' lang='lat' dir='ltr'><strong>Mesopotamiam</strong></span> <span class='ocrx_word' id='word_1_185' title='bbox 645 2017 736 2061; x_wconf 83' lang='lat' dir='ltr'><strong>invssu·</strong></span> 
     </span>
     <span class='ocr_line' id='line_1_30' title="bbox 73 2079 736 2133; baseline -0.003 -7"><span class='ocrx_word' id='word_1_186' title='bbox 73 2096 119 2133; x_wconf 88' lang='lat' dir='ltr'><strong>rus,</strong></span> <span class='ocrx_word' id='word_1_187' title='bbox 131 2091 216 2128; x_wconf 89' lang='lat' dir='ltr'><strong>metum</strong></span> <span class='ocrx_word' id='word_1_188' title='bbox 228 2082 327 2128; x_wconf 84' lang='lat' dir='ltr'><strong>Romani</strong></span> <span class='ocrx_word' id='word_1_189' title='bbox 338 2082 388 2126; x_wconf 85' lang='lat' dir='ltr'><strong>belli</strong></span> <span class='ocrx_word' id='word_1_190' title='bbox 398 2081 493 2126; x_wconf 87' lang='lat' dir='ltr'><strong>fecisset.</strong></span> <span class='ocrx_word' id='word_1_191' title='bbox 526 2079 588 2126; x_wconf 84' lang='lat' dir='ltr'><strong>Turn</strong></span> <span class='ocrx_word' id='word_1_192' title='bbox 600 2081 684 2126; x_wconf 84' lang='lat' dir='ltr'><strong>omissa</strong></span> <span class='ocrx_word' id='word_1_193' title='bbox 692 2080 736 2125; x_wconf 85' lang='lat' dir='ltr'><strong>Ar-</strong></span> 
     </span>
     <span class='ocr_line' id='line_1_31' title="bbox 74 2143 737 2207; baseline -0.005 -17"><span class='ocrx_word' id='word_1_194' title='bbox 74 2147 155 2200; x_wconf 85' lang='lat' dir='ltr'><strong>menia,</strong></span> <span class='ocrx_word' id='word_1_195' title='bbox 175 2162 292 2207; x_wconf 69' lang='lat' dir='ltr'><strong>versasque</strong></span> <span class='ocrx_word' id='word_1_196' title='bbox 311 2147 418 2192; x_wconf 83' lang='lat' dir='ltr'><strong>Artabani</strong></span> <span class='ocrx_word' id='word_1_197' title='bbox 438 2160 488 2200; x_wconf 79' lang='lat' dir='ltr'><strong>rcs3</strong></span> <span class='ocrx_word' id='word_1_198' title='bbox 511 2145 618 2190; x_wconf 84' lang='lat' dir='ltr'><strong>illiciente</strong></span> <span class='ocrx_word' id='word_1_199' title='bbox 637 2143 737 2197; x_wconf 86' lang='lat' dir='ltr'><strong>Vitellio,</strong></span> 
     </span>
     <span class='ocr_line' id='line_1_32' title="bbox 74 2208 737 2271; baseline -0.005 -16"><span class='ocrx_word' id='word_1_200' title='bbox 74 2210 202 2257; x_wconf 87' lang='lat' dir='ltr'><strong>desererent</strong></span> <span class='ocrx_word' id='word_1_201' title='bbox 214 2227 296 2271; x_wconf 85' lang='lat' dir='ltr'><strong>regern,</strong></span> <span class='ocrx_word' id='word_1_202' title='bbox 306 2224 391 2256; x_wconf 86' lang='lat' dir='ltr'><strong>saevum</strong></span> <span class='ocrx_word' id='word_1_203' title='bbox 399 2210 421 2254; x_wconf 92' lang='lat' dir='ltr'><strong>in</strong></span> <span class='ocrx_word' id='word_1_204' title='bbox 429 2225 490 2270; x_wconf 87' lang='lat' dir='ltr'><strong>paee,</strong></span> <span class='ocrx_word' id='word_1_205' title='bbox 502 2220 525 2255; x_wconf 85' lang='lat' dir='ltr'><strong>et</strong></span> <span class='ocrx_word' id='word_1_206' title='bbox 535 2210 637 2256; x_wconf 88' lang='lat' dir='ltr'><strong>adversis</strong></span> <span class='ocrx_word' id='word_1_207' title='bbox 646 2208 737 2270; x_wconf 89' lang='lat' dir='ltr'><strong>proelio-</strong></span> 
     </span>
     <span class='ocr_line' id='line_1_33' title="bbox 75 2273 736 2336; baseline -0.002 -17"><span class='ocrx_word' id='word_1_208' title='bbox 75 2290 124 2319; x_wconf 89' lang='lat' dir='ltr'><strong>rum</strong></span> <span class='ocrx_word' id='word_1_209' title='bbox 133 2277 260 2321; x_wconf 86' lang='lat' dir='ltr'><strong>exitiosum.</strong></span> <span class='ocrx_word' id='word_1_210' title='bbox 294 2274 368 2336; x_wconf 79' lang='lat' dir='ltr'><strong>Igitur</strong></span> <span class='ocrx_word' id='word_1_211' title='bbox 382 2273 496 2328; x_wconf 86' lang='lat' dir='ltr'><strong>Sinnaces,</strong></span> <span class='ocrx_word' id='word_1_212' title='bbox 508 2290 574 2334; x_wconf 89' lang='lat' dir='ltr'><strong>quern</strong></span> <span class='ocrx_word' id='word_1_213' title='bbox 586 2282 652 2320; x_wconf 82' lang='lat' dir='ltr'><strong>antea</strong></span> <span class='ocrx_word' id='word_1_214' title='bbox 663 2273 736 2319; x_wconf 84' lang='lat' dir='ltr'><strong>infen-</strong></span> 
     </span>
     <span class='ocr_line' id='line_1_34' title="bbox 74 2339 738 2401; baseline -0.002 -17"><span class='ocrx_word' id='word_1_215' title='bbox 74 2354 125 2384; x_wconf 87' lang='lat' dir='ltr'><strong>sunr</strong></span> <span class='ocrx_word' id='word_1_216' title='bbox 136 2341 265 2393; x_wconf 85' lang='lat' dir='ltr'><strong>memoravi,</strong></span> <span class='ocrx_word' id='word_1_217' title='bbox 283 2350 368 2401; x_wconf 84' lang='lat' dir='ltr'><strong>patrem</strong></span> <span class='ocrx_word' id='word_1_218' title='bbox 380 2339 516 2399; x_wconf 85' lang='lat' dir='ltr'><strong>Abdagesen</strong></span> <span class='ocrx_word' id='word_1_219' title='bbox 528 2339 627 2398; x_wconf 85' lang='lat' dir='ltr'><strong>aliosque</strong></span> <span class='ocrx_word' id='word_1_220' title='bbox 638 2339 738 2384; x_wconf 83' lang='lat' dir='ltr'><strong>occultos</strong></span> 
     </span>
     <span class='ocr_line' id='line_1_35' title="bbox 75 2403 737 2463; baseline 0 -14"><span class='ocrx_word' id='word_1_221' title='bbox 75 2404 169 2458; x_wconf 85' lang='lat' dir='ltr'><strong>consilii,</strong></span> <span class='ocrx_word' id='word_1_222' title='bbox 181 2416 204 2450; x_wconf 88' lang='lat' dir='ltr'><strong>et</strong></span> <span class='ocrx_word' id='word_1_223' title='bbox 215 2412 269 2450; x_wconf 89' lang='lat' dir='ltr'><strong>tunc</strong></span> <span class='ocrx_word' id='word_1_224' title='bbox 280 2405 392 2450; x_wconf 87' lang='lat' dir='ltr'><strong>continuis</strong></span> <span class='ocrx_word' id='word_1_225' title='bbox 403 2404 501 2450; x_wconf 86' lang='lat' dir='ltr'><strong>cladibus</strong></span> <span class='ocrx_word' id='word_1_226' title='bbox 510 2404 649 2463; x_wconf 78' lang='lat' dir='ltr'><strong>promtiores,</strong></span> <span class='ocrx_word' id='word_1_227' title='bbox 660 2404 689 2449; x_wconf 87' lang='lat' dir='ltr'><strong>ad</strong></span> <span class='ocrx_word' id='word_1_228' title='bbox 700 2403 737 2449; x_wconf 83' lang='lat' dir='ltr'><strong>ds·</strong></span> 
     </span>
     <span class='ocr_line' id='line_1_36' title="bbox 76 2468 737 2529; baseline -0.002 -16"><span class='ocrx_word' id='word_1_229' title='bbox 76 2468 196 2514; x_wconf 84' lang='lat' dir='ltr'><strong>sectionem</strong></span> <span class='ocrx_word' id='word_1_230' title='bbox 216 2470 296 2515; x_wconf 86' lang='lat' dir='ltr'><strong>trabit:</strong></span> <span class='ocrx_word' id='word_1_231' title='bbox 322 2469 462 2515; x_wconf 86' lang='lat' dir='ltr'><strong>affluentibus</strong></span> <span class='ocrx_word' id='word_1_232' title='bbox 479 2469 592 2529; x_wconf 73' lang='lat' dir='ltr'><strong>paulatim,</strong></span> <span class='ocrx_word' id='word_1_233' title='bbox 612 2471 657 2528; x_wconf 90' lang='lat' dir='ltr'><strong>qui,</strong></span> <span class='ocrx_word' id='word_1_234' title='bbox 677 2476 737 2514; x_wconf 86' lang='lat' dir='ltr'><strong>metu</strong></span> 
     </span>
     <span class='ocr_line' id='line_1_37' title="bbox 74 2532 738 2595; baseline -0.002 -17"><span class='ocrx_word' id='word_1_235' title='bbox 74 2534 148 2595; x_wconf 83' lang='lat' dir='ltr'><strong>magis</strong></span> <span class='ocrx_word' id='word_1_236' title='bbox 155 2549 220 2594; x_wconf 84' lang='lat' dir='ltr'><strong>quarn</strong></span> <span class='ocrx_word' id='word_1_237' title='bbox 229 2532 390 2588; x_wconf 76' lang='lat' dir='ltr'><strong>benevolentid,</strong></span> <span class='ocrx_word' id='word_1_238' title='bbox 403 2535 502 2594; x_wconf 85' lang='lat' dir='ltr'><strong>subjecti,</strong></span> <span class='ocrx_word' id='word_1_239' title='bbox 512 2534 604 2593; x_wconf 78' lang='lat' dir='ltr'><strong>repertis</strong></span> <span class='ocrx_word' id='word_1_240' title='bbox 613 2534 738 2579; x_wconf 79' lang='lat' dir='ltr'><strong>auctoribus</strong></span> 
     </span>
     <span class='ocr_line' id='line_1_38' title="bbox 71 2598 742 2658; baseline -0.013 -12"><span class='ocrx_word' id='word_1_241' title='bbox 71 2599 213 2648; x_wconf 82' lang='lat' dir='ltr'><strong>sustulerant</strong></span> <span class='ocrx_word' id='word_1_242' title='bbox 224 2600 336 2648; x_wconf 77' lang='lat' dir='ltr'><strong>animum.</strong></span> <span class='ocrx_word' id='word_1_243' title='bbox 366 2598 422 2644; x_wconf 68' lang='lat' dir='ltr'><strong>nee</strong></span> <span class='ocrx_word' id='word_1_244' title='bbox 433 2600 483 2658; x_wconf 69' lang='lat' dir='ltr'><strong>¹paxu</strong></span> <span class='ocrx_word' id='word_1_245' title='bbox 491 2598 556 2639; x_wconf 73' lang='lat' dir='ltr'><strong>uliud</strong></span> <span class='ocrx_word' id='word_1_246' title='bbox 571 2599 683 2638; x_wconf 63' lang='lat' dir='ltr'><strong>artmano</strong></span> <span class='ocrx_word' id='word_1_247' title='bbox 691 2598 742 2638; x_wconf 64' lang='lat' dir='ltr'><strong>reli-</strong></span> 
     </span>
     <span class='ocr_line' id='line_1_39' title="bbox 65 2655 761 2733; baseline -0.037 -14"><span class='ocrx_word' id='word_1_248' title='bbox 65 2684 148 2733; x_wconf 81' lang='lat' dir='ltr'><strong>quum,</strong></span> <span class='ocrx_word' id='word_1_249' title='bbox 162 2685 242 2733; x_wconf 86' lang='lat' dir='ltr'><strong>quam,</strong></span> <span class='ocrx_word' id='word_1_250' title='bbox 256 2669 276 2717; x_wconf 84' lang='lat' dir='ltr'><strong>si</strong></span> <span class='ocrx_word' id='word_1_251' title='bbox 284 2668 328 2732; x_wconf 84' lang='lat' dir='ltr'><strong>qul</strong></span> <span class='ocrx_word' id='word_1_252' title='bbox 338 2673 490 2712; x_wconf 76' lang='lat' dir='ltr'><strong>externorum</strong></span> <span class='ocrx_word' id='word_1_253' title='bbox 499 2655 761 2716; x_wconf 65' lang='lat' dir='ltr'><strong>eurqotxuustouesabe·</strong></span> 
     </span>
    </p>
   </div>
   <div class='ocr_carea' id='block_1_3' title="bbox 0 0 856 2910">
    <p class='ocr_par' dir='ltr' id='par_1_5' title="bbox 0 0 856 2910">
     <span class='ocr_line' id='line_1_40' title="bbox 0 0 856 2910; baseline 0 0"><span class='ocrx_word' id='word_1_254' title='bbox 0 0 856 2910; x_wconf 95' lang='lat' dir='ltr'><strong> </strong></span> 
     </span>
    </p>
   </div>
  </div>
 </body>
</html>
