1680 2910
56 162 78 202 J.
87 162 113 201 c.
125 163 157 208 19.
208 153 400 202 ANNALIUM
417 153 470 202 Lus.
482 152 517 200 11.
528 153 588 203 Gar.
600 157 639 204 to.
692 156 733 201 81'

54 282 118 334 fesso
134 283 238 348 corpore,
254 286 292 333 ubi
302 285 354 333 fluis
364 286 446 339 aderat,
462 287 593 333 assistentes
603 286 688 333 amicos
699 287 723 332 in

57 348 222 399 bunc'modum
233 350 365 411 alloquitur:
385 357 400 381 ‘⁸
409 351 433 397 Si
444 349 492 397 isto
502 351 655 406 concederem,
669 353 722 415 jus-

58 424 97 464 tus
106 416 163 463 mihi
174 416 245 471 dolor,
256 416 324 462 etiam
334 417 442 462 adversm
453 414 526 472 Deos,
537 424 603 471 esset,
615 417 675 476 quod
686 430 724 463 me

57 482 195 544 parentibus,
205 480 287 535 liberis,
298 481 383 542 patriae,
392 481 452 527 intra
457 481 576 543 juventam
586 488 731 542 praematuro·

57 546 122 593 exitu
141 553 260 608 raperent3
277 560 344 601 nunc,
363 546 447 592 scelere
466 544 557 592 Pisonis
571 553 594 592 et
606 545 730 592 Plancinae-

56 611 202 673 interoeptns,
222 610 311 657 ultimas
327 625 407 672 preces
423 611 549 672 pectoribus
562 611 643 657 vestris
654 611 723 656 relin-

57 690 117 736 quo:
136 673 240 722 reterrns
250 675 307 737 patri
318 691 345 722 so
355 674 424 730 fratri,
435 676 514 735 quibus
525 676 680 722 acerbitatibus
688 675 722 722 di·

56 741 174 795 laceratus,
192 740 272 801 quibus
282 740 369 787 insidiis
383 740 556 794 circumventus,
575 741 730 787 miserrimam

57 805 128 851 vitam
146 803 250 867 pessimi
261 812 333 851 morte
343 803 446 851 finierim.
480 805 504 851 si
523 820 580 866 quos
595 819 647 866 spes
657 819 723 860 mese,

57 870 77 917 si
87 870 145 930 qu'os
161 869 300 931 propinquus
310 870 409 931 sanguis,
427 869 495 916 etiam
506 884 563 930 quos
573 870 657 916 invidia
667 884 723 930 erga

58 937 176 981 virentem
185 934 305 991 movebat;
322 935 500 995 illacrymabunt,
516 936 628 995 quondam
639 933 723 980 floren·

57 1007 112 1054 tem,
123 1005 148 1046 et
157 1006 193 1046 tot
203 998 312 1045 bellorum
323 1000 471 1060 superstitem,
485 999 586 1046 muliebri
595 998 674 1045 fraude
685 1012 723 1045 ce·

58 1064 146 1111 cidisse.
180 1063 233 1111 Erit
249 1064 313 1110 vobis
329 1064 393 1111 locus
410 1064 517 1124 querendi
534 1063 593 1125 apud
612 1071 724 1118 senatum,

57 1128 178 1176 invocandi
197 1129 268 1191 leges.
300 1127 356 1175 Non
377 1130 420 1175 hoc
441 1129 578 1192 praecipuum
601 1129 724 1174 amicorum

58 1208 142 1241 munus
153 1201 195 1247 est,
214 1195 319 1256 prosequi
329 1192 460 1240 defunctum
471 1194 555 1255 ignavo
566 1200 659 1254 questu3
677 1192 724 1248 sed,

74 1273 111 1306 tsae
121 1258 226 1312 voluerit,
238 1259 373 1315 meminisse,
390 1274 442 1320 quse
453 1259 598 1313 mandaverit,
615 1257 721 1317 exsequi:

58 1274 146 1370 debriat
158 1323 320 1371 Germanicum
338 1324 406 1370 etiam
417 1324 504 1387 ignoti:
523 1323 664 1369 vindicabitis
674 1337 724 1377 vos,

59 1388 128 1435 sime
138 1389 220 1450 potius,
238 1403 303 1449 quam
314 1387 428 1435 fortunam
445 1403 517 1434 meam
528 1387 644 1435 fovebatis.
677 1385 725 1433 Os·

59 1453 145 1500 tendite
161 1453 245 1515 populo
264 1452 369 1500 Romano
384 1452 417 1500 Ι).
426 1452 526 1515 Augusti
546 1459 642 1515 neptem,
662 1466 728 1498 eam-⁴

59 1518 156 1578 demque
178 1518 298 1580 conjugem
319 1533 408 1564 meam:
436 1524 552 1564 numerate
575 1533 616 1564 sex
636 1517 724 1564 liberos.

60 1582 220 1629 Misericordia
230 1598 281 1628 cum
299 1583 453 1629 accusantibus
469 1583 524 1629 erit:
543 1581 726 1643 fingentibusque

61 1647 157 1694 scelesta
176 1647 280 1694 mandata
291 1655 329 1694 aut
340 1663 386 1694 non
398 1647 490 1694 credent
502 1647 611 1702 homines,
629 1654 725 1694 autnon

58 1710 205 1773 ignoscent”
225 1710 335 1759 Juravere
346 1712 417 1767 amici,
430 1712 531 1759 dextram
542 1713 658 1759 morientis
669 1726 725 1758 con·

58 1777 180 1837 tingentes,
192 1777 294 1838 spiritum
306 1782 364 1832 ante,
376 1793 443 1837 qnam
454 1778 568 1832 ultionem,
580 1778 710 1824 amissuros.

91 1839 202 1887 LXXII.
218 1839 287 1899 Tum,
298 1843 326 1888 ad
338 1857 431 1888 uxorem
443 1858 528 1897 versus,
540 1858 580 1904 per
593 1843 724 1888 memoriam

59 1906 101 1962 sui,
120 1920 162 1967 per
172 1921 304 1954 communes
321 1907 402 1953 liberos
413 1908 492 1960 oravit,
508 1913 601 1953 exueret
610 1906 724 1960 ferociam,

58 1971 162 2018 saevienti
172 1971 271 2018 fortunae
282 1972 423 2019 submitteret
433 1972 545 2026 animum;
563 1986 607 2017 neu
622 1986 725 2032 regressa

58 2036 84 2081 in
97 2034 183 2083 Urbem
204 2036 347 2083 aemulatione
364 2039 471 2099 potentiae
486 2037 604 2083 validiores
622 2036 725 2084 irritaret.

60 2098 122 2147 Haec
133 2101 214 2162 palam,
226 2101 303 2148 etalio
315 2109 417 2159 secreto;
434 2117 474 2163 per
484 2117 535 2160 quae
546 2100 664 2147 ostendere
675 2114 727 2147 cre·¹

59 2164 153 2212 debatur
164 2174 250 2212 metum
261 2181 291 2211 ex
301 2165 400 2213 Tiberio.
432 2165 515 2226 Neque
533 2166 605 2211 multo
621 2172 673 2226 post
684 2181 725 2212 ex-

59 2230 189 2292 stinguitur,
208 2231 294 2292 ingenti
313 2231 375 2278 luctu
390 2231 514 2309 provinciae
531 2239 554 2276 et
564 2231 726 2293 circumjacens

59 2295 118 2341 tium
129 2296 271 2357 populorum.
305 2293 426 2343 Indoluere
436 2303 521 2342 exterae
533 2296 635 2342 nationes
646 2309 726 2357 reges*

59 2374 116 2420 que:
136 2366 201 2407 tants
211 2361 243 2406 illi
255 2361 349 2407 comitas
360 2361 383 2406 in
394 2361 474 2416 socios,
490 2361 637 2407 mansuetudo
647 2361 671 2406 in
683 2363 725 2408 hos

58 2431 120 2471 stes:
139 2426 236 2486 visuque
250 2433 273 2471 et
284 2426 360 2472 auditu
366 2428 434 2489 juxta
445 2426 582 2480 venerabilis,
596 2440 647 2472 curn
659 2441 724 2488 meg-

57 2489 183 2536 nitudinem
201 2496 225 2536 'et
241 2491 375 2551 gravitatem
393 2506 488 2538 summae
499 2490 596 2538 tonunae
612 2491 725 2544 retineret,

58 2553 166 2601 invidiam
177 2561 201 2601 et
211 2556 362 2617 arrogantiam
373 2554 492 2622 effugerat.

82 2616 209 2666 rxxrrr.
226 2619 309 2672 rusus
325 2624 379 2674 nne
392 2625 540 2692 imaginun
555 2632 582 2674 er
595 2618 698 2687 pounb
708 2629 757 2679 re*

38 2678 120 2726 modes
130 2691 154 2729 et
163 2688 306 2740 memoriam
318 2693 444 2746 virtutum
464 2697 521 2764 ejus
535 2687 704 2743 ceiebreixixt·
732 2677 779 2725 Ἠ
