1680 2910
103 146 137 188 40
201 110 394 188 lnnnmmu
410 139 490 188 ms
506 138 611 190 omre.
644 141 767 190 noas·

103 270 184 331 quippe
192 270 416 317 illisetinmbonestae
424 272 503 318 mortis
513 287 583 328 usus;
600 271 634 318 his
642 270 766 333 inglorium

104 335 205 380 exitium.
237 334 290 380 Lux
310 335 403 381 reddidit
422 344 516 393 terram3
533 342 719 398 penetratumque
738 336 767 382 nd

104 414 193 444 anmem
212 399 342 460 Unsir'rgim,
360 414 405 460 quo
422 399 501 448 caesar
515 401 586 447 classe
601 399 764 447 contenderatt

104 463 215 524 impositae
226 464 306 510 deinde
315 465 423 525 legiones,
435 473 532 525 vagante
548 463 608 510 frmi
620 466 761 521 submersus:

104 541 146 573 nec
160 527 216 574 fides
229 528 314 583 salutis,
333 535 450 589 antequam
467 526 580 576 Caemrenr
596 530 766 590 exercitumque

101 591 204 638 reducem
215 589 299 638 ridere.

136 654 232 703 LXXI.
247 656 299 704 Jam
316 656 442 713 Stertinius,
459 660 487 704 ed
502 654 654 720 accipiendum
665 657 689 703 in
701 657 764 704 dedi·

103 720 186 766 tionem
203 721 351 782 Segimemm,
362 721 452 768 fratrem
462 723 569 784 Segestis,
580 723 717 784 praemissus,
728 723 770 783 ip··

103 800 153 831 sum
165 793 187 831 et
196 783 267 831 filium
275 787 323 848 ejus
337 787 360 831 in
371 787 483 833 civitatem
495 787 604 833 Ubiorum
612 787 762 848 perduxerstr

103 850 155 896 dats
171 850 260 910 utrique
283 849 365 907 venia3
390 849 454 897 facile
476 851 600 913 Segimero,
621 851 764 897 cunctantius

102 913 163 959 fillo:
183 914 235 974 quis
251 914 354 967 Quintilii
366 914 422 960 Vari
434 931 514 976 corpus
529 917 625 962 illusisse
643 915 766 962 dicebatur.

105 976 219 1025 Caeterum
236 979 264 1024 ud
283 978 404 1040 supplenda
422 981 534 1026 exercitis
550 981 631 1026 damno
646 977 763 1026 certavere

104 1042 193 1096 Galliae,
215 1041 339 1105 Hispaniae,
361 1041 441 1100 Itnlis;
464 1045 524 1105 quod
542 1045 622 1104 cuique
640 1049 763 1104 promtum,

103 1110 171 1162 ands,
193 1122 269 1167 equos,
291 1118 377 1162 eurum,
398 1108 533 1157 offerentes:
555 1123 650 1169 quorum
671 1108 763 1154 laudato

102 1171 176 1218 studio
194 1170 348 1228 Germanicus,
365 1173 432 1219 ermis
446 1174 512 1220 modo
528 1179 551 1220 et
567 1173 629 1233 equis
640 1172 668 1217 ed
679 1171 762 1218 bellum

104 1237 190 1289 sumtis,
201 1235 290 1298 proprii
304 1236 399 1298 pecuniis
410 1238 502 1283 militem
516 1237 590 1300 juvit:
611 1244 680 1296 utque
692 1236 764 1283 cledis

101 1301 232 1348 memoriam
242 1301 309 1347 etiam
321 1302 425 1347 comitate
435 1301 520 1356 leniret,
532 1301 649 1348 circumire
666 1301 763 1357 saucios,

102 1365 162 1412 freta
177 1365 317 1426 singulorum
334 1365 455 1421 extollere3
472 1366 566 1412 vulnera
582 1366 679 1419 intuens,
692 1364 761 1411 elium

88 1445 147 1491 spe,
157 1429 224 1474 elium
235 1427 316 1490 glorie,
327 1435 421 1475 cunctos
430 1428 527 1490 alloquio
538 1437 561 1476 et
572 1428 631 1484 curti,
642 1429 728 1491 sibique
738 1436 764 1476 et

102 1491 298 1556 proelioiirmnbut.
377 1496 380 1501 '

136 1555 245 1603 LXXII.
262 1555 362 1603 Decreta
370 1573 397 1603 eo
407 1574 466 1605 anno
474 1559 615 1620 triumphalia
624 1558 722 1620 insignis
730 1557 764 1606 A.

105 1621 210 1671 Caecinae,
228 1619 258 1666 L.
265 1621 374 1682 Apronio,
393 1621 421 1670 C.
429 1623 491 1677 Silio,
506 1624 535 1669 ob
549 1638 584 1669 res
599 1638 650 1669 cum
663 1622 761 1670 Germa·

101 1689 153 1732 nico
163 1693 246 1748 gestes.
279 1685 370 1732 Nomen
388 1686 462 1733 Patris
477 1689 554 1749 patriae
564 1686 674 1742 Tiberius,
691 1703 762 1749 spo·

101 1752 154 1813 pulo
166 1751 248 1812 saepius
258 1751 378 1811 ingestum,
389 1752 527 1814 repudiavit;
544 1767 617 1812 neque
628 1753 651 1798 in
660 1759 710 1798 acte
720 1767 762 1799 sus

98 1817 175 1878 Jurarl
187 1829 321 1876 quamquam
332 1829 437 1863 censente
445 1823 531 1869 senatu,
539 1817 650 1878 permisit:
670 1813 762 1865 Cuncta

102 1880 228 1927 mortalium
248 1882 345 1936 incertu3
366 1888 493 1940 quantoque
511 1881 561 1942 plus
580 1882 673 1943 adeptus
694 1881 761 1936 ior'et,

100 1952 163 1991 tento
175 1961 200 1991 se
209 1947 282 2006 magis
291 1945 315 1990 in
326 1945 410 1991 lubrice
421 1945 532 1992 dictitans.
556 1945 612 1992 Non
622 1952 698 1992 tumen
708 1945 763 1993 ideo

99 2008 195 2056 iaciebat
209 2008 275 2056 fidem
293 2010 365 2055 civilis
380 2010 461 2056 enimi:
481 2025 532 2056 nam
549 2010 623 2072 legem
635 2011 763 2074 majestatis

101 2074 219 2120 reduxerat
225 2091 233 2131 3
251 2073 286 2120 cui
295 2088 376 2120 nomen
388 2074 446 2135 apud
457 2081 543 2120 veteres
552 2076 617 2131 idem,
631 2075 669 2121 sed
680 2075 724 2121 slis
734 2075 759 2120 ln

97 2138 207 2200 judicium
226 2139 357 2184 veniebant:
378 2139 396 2184 si
416 2139 464 2198 quis
483 2139 608 2199 proditione
626 2140 759 2193 exercitum,

100 2211 139 2249 sut
152 2203 239 2264 plebem
261 2202 410 2256 seditionibus,
432 2202 527 2263 denique
540 2204 599 2249 male
612 2203 677 2266 gesti
691 2219 759 2269 repu-

100 2265 157 2313 blicis
168 2269 305 2328 majestatem
316 2268 391 2328 populi
400 2267 498 2314 Romani
509 2269 640 2315 minuisset:
651 2268 711 2314 facte
722 2284 759 2314 ur·

99 2332 239 2393 guebantur;
255 2332 315 2377 dicto
324 2332 416 2392 impune
430 2342 500 2378 erant.
533 2331 624 2379 Primus
638 2333 760 2394 Augustus

97 2397 250 2459 cognitionem
257 2396 284 2441 de
291 2396 383 2443 famosis
392 2397 477 2452 libellis,
487 2398 560 2458 specie
568 2398 625 2458 legis
633 2398 687 2458 ejus,
701 2407 760 2444 true-

98 2460 161 2514 tavit,
173 2467 298 2507 commotus
310 2459 383 2508 Cassii
395 2461 472 2508 Severi
483 2462 580 2516 libidine,
597 2459 641 2520 qui
652 2463 713 2508 viros
723 2461 759 2509 fe·

87 2525 210 2584 minasque
227 2526 327 2573 illustres
344 2528 476 2588 procacibus
492 2527 581 2588 scriptis
596 2525 761 2572 dtllmnererste

74 2600 136 2632 mox
149 2588 263 2648 Tiberius,
277 2594 428 2642 consultante
441 2593 558 2656 Pompeio
563 2590 659 2642 ldeerm
666 2594 780 2648 emitum

61 2660 94 2692 ’Π
106 2652 205 2711 judicia
218 2660 355 2724 majestatis
376 2656 552 2712 redderentur?
571 2647 796 2707 exercendem·
