1680 2910
89 133 124 176 so
188 124 381 175 ansanum
397 124 604 187 anime-⁵⁵.
639 126 756 177 usum

373 220 385 241 δι

88 256 135 305 Par
150 271 216 303 causa
235 257 329 304 saevitiae
347 257 371 302 in
391 256 548 318 Sempronium
560 257 698 313 Gracchum,
715 258 755 320 qni

88 320 174 368 familiai
194 321 269 375 nobili,
292 321 370 368 sollers
388 322 480 383 ingenio
502 332 526 368 et
545 337 616 384 prave
635 321 754 379 facundus,

89 387 191 433 eamdem
201 385 285 435 Juliam
302 388 326 432 in
336 387 478 433 matrimonio
489 386 526 432 M.
534 387 644 449 Agrippae
655 394 753 435 temer*

90 461 160 497 verat.
194 451 245 497 Nec
255 452 275 497 is
285 451 369 498 libidini
379 450 445 497 finis:
465 451 568 498 traditam
587 450 685 506 Tiberio,
699 466 752 514 pen·

89 515 156 563 vicax
167 516 253 562 adulter
264 514 404 564 contumacia
419 524 442 562 et
452 517 510 562 odiis
520 517 543 562 in
554 517 660 562 maritum
671 530 752 563 accen·

65 630 68 635 ,
90 580 171 627 debat:
189 580 313 641 literaeque,
328 595 384 640 quas
393 579 410 629 J
412 581 456 628 ulia
466 580 522 642 patri
534 581 641 642 Augusto
651 596 704 627 cnm
716 582 752 627 in-

90 647 214 692 sectatione
224 644 309 692 Tiberii
320 645 413 707 scripsit,
425 660 438 691 a
447 646 551 692 Graccho
561 645 693 707 compositae
704 661 753 693 ere·

91 710 207 756 debentur.
234 708 309 772 Igitur
319 723 407 756 amotus
419 708 544 765 Cercinam,
557 709 629 757 Africi
638 710 707 757 maris
717 711 753 756 in·

91 775 169 829 sulam,
182 775 349 836 quatuordecim
360 776 424 820 annis
435 775 537 821 exsilium
549 775 661 821 toleravit.
684 773 753 821 Tunc

90 840 179 894 milites,
192 840 219 885 ad
228 840 312 885 caedem
323 839 391 894 missi,
403 837 510 885 inveniere
519 841 543 885 in
554 840 689 900 prominenti
700 839 753 886 lito·

91 905 128 958 ris,
138 905 194 950 nihil
203 905 281 950 laetum
291 905 455 964 opperientem:
469 919 563 964 quorum
572 904 677 958 adventu,
685 905 755 951 breve

91 976 180 1029 ternpus
190 969 277 1030 petivit,
297 975 322 1014 ut
339 983 441 1029 suprema
457 969 561 1014 marrdata
575 969 640 1015 uxori
652 968 755 1015 Alliariae

90 1048 130 1094 per
140 1033 216 1079 literas
232 1033 309 1079 daret:
329 1033 483 1093 cervicemque
500 1033 668 1094 percussoribus
687 1033 753 1080 obtu-

90 1097 123 1152 lit,
142 1096 268 1144 constantia
278 1098 356 1143 mortis
375 1098 433 1143 haud
449 1098 556 1159 indignus
567 1097 699 1159 Sempronio
711 1112 754 1144 no-
773 1118 779 1127 ¹

91 1163 168 1220 mine;
185 1161 232 1209 vitri
243 1163 424 1224 degeneraverat
459 1161 556 1215 Quidam
568 1177 613 1208 non
625 1160 704 1209 Romi
714 1177 755 1209 eos

91 1227 180 1283 milites,
204 1229 243 1274 sed
260 1229 288 1273 ab
310 1226 338 1273 L.
353 1226 486 1288 Asprenate,
505 1227 638 1289 proconsule
658 1226 753 1281 Africae,

91 1293 173 1339 missos
183 1289 299 1346 tradidere,
319 1299 410 1338 auctore
426 1290 525 1348 Tiberio,
542 1307 580 1351 qur
573 1289 673 1337 famam
685 1291 755 1339 caedis

91 1373 157 1421 posse
167 1358 191 1402 in
203 1357 351 1418 Asprenatem
362 1357 419 1402 verti
429 1356 512 1403 frustra
522 1363 656 1418 speraverat.
788 1415 790 1419 y

124 1419 192 1468 LIV.
209 1419 273 1467 Idem
291 1436 362 1467 annus
373 1436 443 1467 novas
455 1421 594 1479 caerimonias
604 1420 696 1482 accepit,
712 1419 753 1467 ad·

91 1487 139 1533 dito
150 1485 258 1532 sodalium
271 1485 430 1547 Augustalium
447 1474 587 1542 sacerdotio;
604 1492 629 1530 ut
640 1485 754 1544 quondam

92 1549 122 1596 T.
129 1549 210 1597 Tatius
221 1551 342 1597 retinendis
354 1550 486 1598 Sabinorum
497 1551 566 1596 sacris
578 1549 666 1596 sodales
678 1548 755 1597 Titios
797 1566 802 1573 ·

91 1616 231 1662 instituerat:
251 1624 312 1661 sorte
329 1615 390 1661 ducti
408 1631 421 1661 e
437 1616 570 1676 primoribus
587 1614 684 1661 civitatis
695 1629 755 1661 unus

92 1688 116 1726 et
126 1680 222 1740 viginti:
242 1678 345 1726 Tiberius
357 1679 492 1740 Drususque
503 1688 527 1726 et
538 1678 646 1728 Claudius
656 1684 680 1724 et
692 1678 753 1726 Ger·

92 1745 193 1791 muniens
211 1744 351 1806 adjiciuntur.
383 1743 461 1791 Ludos
479 1743 617 1806 Augustales
633 1750 687 1789 tunc
706 1743 754 1805 pri·

91 1824 154 1855 mum
165 1815 251 1870 coeptos
262 1809 359 1856 turbavit
369 1809 484 1864 discordia,
502 1824 531 1855 ex
544 1808 666 1855 certamine
676 1808 755 1855 histri·

91 1888 169 1921 onum.
202 1871 328 1920 Indulserat
346 1875 367 1921 ei
380 1874 465 1920 ludicro
482 1873 608 1935 Augustus,
624 1873 678 1919 dum
690 1870 754 1919 Mae-

92 1938 165 1985 cenati
176 1939 320 2000 obtemperat,
335 1937 408 1984 effuso
427 1939 450 1985 in
466 1953 565 1986 arnorem
576 1936 692 1998 Bathylli:
712 1952 754 1984 ne·

92 2018 136 2063 que
147 2004 195 2064 ipse
206 2004 336 2050 abhorrebat
346 2004 425 2049 talibus
434 2003 513 2050 studiis
522 2019 529 2058 ;
547 2008 570 2048 et
580 2001 646 2048 civile
657 2002 755 2058 rebatur,

90 2069 179 2115 misceri
190 2068 340 2131 voluptatibus
350 2068 420 2129 vulgi.
436 2065 490 2114 Alia
500 2066 591 2113 Tiberio
601 2080 691 2112 morum
702 2066 752 2113 viar

91 2134 131 2178 sed
141 2133 254 2194 populum,
273 2147 314 2194 per
329 2138 363 2179 tot
379 2147 450 2178 annos
467 2132 564 2178 molliter
574 2131 681 2186 habitum,
693 2145 752 2178 nou·

91 2197 144 2243 dum
156 2198 249 2244 audebat
260 2198 288 2243 ad
299 2197 389 2243 duriora
398 2203 493 2243 vertere.

90 2293 116 2340 U
130 2292 150 2341 C
165 2297 178 2340 7
197 2298 211 2339 8
279 2260 419 2308 LV.Druso
427 2259 525 2315 Caesare,
534 2259 562 2308 C.
569 2259 678 2306 Norbano
686 2258 755 2308 Coss.

100 2299 219 2407 J'c'165'
252 2327 378 2373 decernitur
396 2326 533 2374 Germanico
552 2325 685 2385 triumphus,
703 2339 754 2371 ma-

118 2393 124 2405 '
155 2391 161 2404 ·
202 2390 209 2404 ⁰
252 2398 320 2439 nente
330 2391 403 2447 bello·
420 2392 487 2467 quod,
499 2404 633 2451 quamquam
650 2389 673 2434 in
685 2395 753 2436 aesta·

89 2462 136 2503 tem
147 2470 235 2502 summa
245 2472 288 2518 ope
298 2472 352 2516 para
412 2456 476 2502 initio
491 2456 551 2502 veris
567 2462 592 2501 et
601 2453 718 2514 repentino
729 2454 754 2500 ἰιι

90 2520 171 2570 Cattos
182 2535 277 2567 excursu
288 2456 409 2584 parergi.
429 2536 483 2567 nam
498 2535 550 2582 spes
559 2520 689 2570 incesserat,
707 2518 753 2563 dis·

75 2587 153 2634 sidere
169 2587 288 2636 dostem'
281 2603 307 2637 ιιι
319 2587 455 2637 Arminium
466 2602 494 2633 ac
504 2580 656 2653 Segestem,
649 2579 768 2636 millam

62 2661 193 2720 utrumque
200 2652 329 2723 pertidia
323 2673 347 2710 ιιι
365 2671 413 2708 nos
423 2651 534 2707 autbde.
570 2637 781 2694 Animi-*³¹¹*
