<?xml version="1.0" encoding="UTF-8"?>
<!DOCTYPE html PUBLIC "-//W3C//DTD XHTML 1.0 Transitional//EN"
    "http://www.w3.org/TR/xhtml1/DTD/xhtml1-transitional.dtd">
<html xmlns="http://www.w3.org/1999/xhtml" xml:lang="en" lang="en">
 <head>
  <title>
</title>
<meta http-equiv="Content-Type" content="text/html;charset=utf-8" />
  <meta name='ocr-system' content='tesseract 3.04.00' />
  <meta name='ocr-capabilities' content='ocr_page ocr_carea ocr_par ocr_line ocrx_word'/>
</head>
<body>
  <div class='ocr_page' id='page_1' title='image "./ccorneliitaciti00obergoog_0255.png"; bbox 0 0 1680 2910; ppageno 0'>
   <div class='ocr_carea' id='block_1_1' title="bbox 72 112 740 170">
    <p class='ocr_par' dir='ltr' id='par_1_1' title="bbox 72 112 740 170">
     <span class='ocr_line' id='line_1_1' title="bbox 72 112 740 170; baseline -0.007 -4"><span class='ocrx_word' id='word_1_1' title='bbox 72 124 120 167; x_wconf 69' lang='grc'>946</span> <span class='ocrx_word' id='word_1_2' title='bbox 265 112 558 169; x_wconf 75' lang='lat' dir='ltr'>sUPPLEMEuTUM</span> <span class='ocrx_word' id='word_1_3' title='bbox 628 118 740 170; x_wconf 54' lang='lat' dir='ltr'>means.</span> 
     </span>
    </p>
   </div>
   <div class='ocr_carea' id='block_1_2' title="bbox 48 244 813 2641">
    <p class='ocr_par' dir='ltr' id='par_1_2' title="bbox 71 244 739 503">
     <span class='ocr_line' id='line_1_2' title="bbox 72 244 737 310; baseline -0.003 -15"><span class='ocrx_word' id='word_1_4' title='bbox 72 256 206 310; x_wconf 89' lang='lat' dir='ltr'>temporum,</span> <span class='ocrx_word' id='word_1_5' title='bbox 218 261 267 293; x_wconf 90' lang='lat' dir='ltr'>sors</span> <span class='ocrx_word' id='word_1_6' title='bbox 278 246 393 295; x_wconf 83' lang='lat' dir='ltr'><strong>Antiocho</strong></span> <span class='ocrx_word' id='word_1_7' title='bbox 403 256 427 292; x_wconf 85' lang='lat' dir='ltr'>et</span> <span class='ocrx_word' id='word_1_8' title='bbox 435 244 565 293; x_wconf 84' lang='lat' dir='ltr'>Mithridati</span> <span class='ocrx_word' id='word_1_9' title='bbox 575 246 668 309; x_wconf 76' lang='lat' dir='ltr'><strong>obtigit.</strong></span> <span class='ocrx_word' id='word_1_10' title='bbox 689 244 737 303; x_wconf 82' lang='lat' dir='ltr'>llis,</span> 
     </span>
     <span class='ocr_line' id='line_1_3' title="bbox 73 309 739 374; baseline 0 -15"><span class='ocrx_word' id='word_1_11' title='bbox 73 327 162 373; x_wconf 79' lang='lat' dir='ltr'>semper</span> <span class='ocrx_word' id='word_1_12' title='bbox 179 310 248 358; x_wconf 83' lang='lat' dir='ltr'>inlidi</span> <span class='ocrx_word' id='word_1_13' title='bbox 264 312 373 359; x_wconf 82' lang='lat' dir='ltr'>malorum</span> <span class='ocrx_word' id='word_1_14' title='bbox 389 310 515 374; x_wconf 80' lang='lat' dir='ltr'>principum</span> <span class='ocrx_word' id='word_1_15' title='bbox 530 309 633 359; x_wconf 79' lang='lat' dir='ltr'>anricitii</span> <span class='ocrx_word' id='word_1_16' title='bbox 648 312 739 359; x_wconf 84' lang='lat' dir='ltr'>minime</span> 
     </span>
     <span class='ocr_line' id='line_1_4' title="bbox 71 374 738 438; baseline 0.004 -16"><span class='ocrx_word' id='word_1_17' title='bbox 71 383 140 432; x_wconf 84' lang='lat' dir='ltr'>tutus,</span> <span class='ocrx_word' id='word_1_18' title='bbox 158 391 229 438; x_wconf 85' lang='lat' dir='ltr'>regno</span> <span class='ocrx_word' id='word_1_19' title='bbox 245 377 335 423; x_wconf 89' lang='lat' dir='ltr'>orbatus</span> <span class='ocrx_word' id='word_1_20' title='bbox 351 382 393 422; x_wconf 88' lang='lat' dir='ltr'>est.</span> <span class='ocrx_word' id='word_1_21' title='bbox 426 374 475 422; x_wconf 85' lang='lat' dir='ltr'>Hic</span> <span class='ocrx_word' id='word_1_22' title='bbox 485 376 514 422; x_wconf 87' lang='lat' dir='ltr'>ud</span> <span class='ocrx_word' id='word_1_23' title='bbox 527 378 675 437; x_wconf 83' lang='lat' dir='ltr'>praesentiam</span> <span class='ocrx_word' id='word_1_24' title='bbox 687 374 738 425; x_wconf 81' lang='lat' dir='ltr'>ce-</span> 
     </span>
     <span class='ocr_line' id='line_1_5' title="bbox 71 439 703 503; baseline -0.002 -13"><span class='ocrx_word' id='word_1_25' title='bbox 71 442 128 490; x_wconf 84' lang='lat' dir='ltr'>saris</span> <span class='ocrx_word' id='word_1_26' title='bbox 139 450 218 488; x_wconf 85' lang='lat' dir='ltr'>vectus</span> <span class='ocrx_word' id='word_1_27' title='bbox 228 441 368 501; x_wconf 84' lang='lat' dir='ltr'>vinctusque,</span> <span class='ocrx_word' id='word_1_28' title='bbox 384 441 408 487; x_wconf 90' lang='lat' dir='ltr'>in</span> <span class='ocrx_word' id='word_1_29' title='bbox 419 439 523 487; x_wconf 75' lang='lat' dir='ltr'>exsilium</span> <span class='ocrx_word' id='word_1_30' title='bbox 533 446 571 487; x_wconf 88' lang='lat' dir='ltr'>est</span> <span class='ocrx_word' id='word_1_31' title='bbox 579 442 703 503; x_wconf 83' lang='lat' dir='ltr'>projectus.</span> 
     </span>
    </p>

    <p class='ocr_par' dir='ltr' id='par_1_3' title="bbox 67 504 805 1346">
     <span class='ocr_line' id='line_1_6' title="bbox 106 504 737 569; baseline 0.002 -17"><span class='ocrx_word' id='word_1_32' title='bbox 106 504 175 569; x_wconf 91' lang='lat' dir='ltr'>[Post</span> <span class='ocrx_word' id='word_1_33' title='bbox 185 507 225 552; x_wconf 91' lang='lat' dir='ltr'>bas</span> <span class='ocrx_word' id='word_1_34' title='bbox 236 507 393 567; x_wconf 75' lang='lat' dir='ltr'>grassationes,</span> <span class='ocrx_word' id='word_1_35' title='bbox 411 504 529 552; x_wconf 84' lang='lat' dir='ltr'>deficiente</span> <span class='ocrx_word' id='word_1_36' title='bbox 544 506 569 551; x_wconf 86' lang='lat' dir='ltr'>in</span> <span class='ocrx_word' id='word_1_37' title='bbox 580 506 666 565; x_wconf 79' lang='lat' dir='ltr'>Galliis</span> <span class='ocrx_word' id='word_1_38' title='bbox 680 507 737 569; x_wconf 85' lang='lat' dir='ltr'>rspi-</span> 
     </span>
     <span class='ocr_line' id='line_1_7' title="bbox 72 571 805 627; baseline 0.001 -9"><span class='ocrx_word' id='word_1_39' title='bbox 72 586 152 618; x_wconf 89' lang='lat' dir='ltr'>narum</span> <span class='ocrx_word' id='word_1_40' title='bbox 163 571 263 627; x_wconf 87' lang='lat' dir='ltr'>materie,</span> <span class='ocrx_word' id='word_1_41' title='bbox 281 571 393 617; x_wconf 84' lang='lat' dir='ltr'>recruduit</span> <span class='ocrx_word' id='word_1_42' title='bbox 403 571 490 617; x_wconf 82' lang='lat' dir='ltr'>militiae</span> <span class='ocrx_word' id='word_1_43' title='bbox 505 571 600 626; x_wconf 88' lang='lat' dir='ltr'>insania,</span> <span class='ocrx_word' id='word_1_44' title='bbox 617 572 737 619; x_wconf 89' lang='lat' dir='ltr'>morelibi-</span> <span class='ocrx_word' id='word_1_45' title='bbox 803 585 805 589; x_wconf 82' lang='lat'>·</span> 
     </span>
     <span class='ocr_line' id='line_1_8' title="bbox 73 633 737 698; baseline 0.003 -16"><span class='ocrx_word' id='word_1_46' title='bbox 73 636 157 691; x_wconf 75' lang='lat' dir='ltr'>dmum,</span> <span class='ocrx_word' id='word_1_47' title='bbox 177 651 237 697; x_wconf 88' lang='lat' dir='ltr'>quac,</span> <span class='ocrx_word' id='word_1_48' title='bbox 257 635 293 681; x_wconf 92' lang='lat' dir='ltr'>ubi</span> <span class='ocrx_word' id='word_1_49' title='bbox 312 633 433 690; x_wconf 69' lang='lat' dir='ltr'>invaluire,</span> <span class='ocrx_word' id='word_1_50' title='bbox 456 642 573 682; x_wconf 79' lang='lat' dir='ltr'>mutantur</span> <span class='ocrx_word' id='word_1_51' title='bbox 592 651 662 698; x_wconf 82' lang='lat' dir='ltr'>saepe,</span> <span class='ocrx_word' id='word_1_52' title='bbox 680 652 737 684; x_wconf 89' lang='lat' dir='ltr'>nun·</span> 
     </span>
     <span class='ocr_line' id='line_1_9' title="bbox 73 697 736 763; baseline 0.003 -17"><span class='ocrx_word' id='word_1_53' title='bbox 73 716 140 761; x_wconf 89' lang='lat' dir='ltr'>quam</span> <span class='ocrx_word' id='word_1_54' title='bbox 150 701 270 746; x_wconf 86' lang='lat' dir='ltr'>intereunt.</span> <span class='ocrx_word' id='word_1_55' title='bbox 297 697 372 761; x_wconf 84' lang='lat' dir='ltr'>Igitur</span> <span class='ocrx_word' id='word_1_56' title='bbox 382 715 428 746; x_wconf 91' lang='lat' dir='ltr'>non</span> <span class='ocrx_word' id='word_1_57' title='bbox 439 700 578 761; x_wconf 84' lang='lat' dir='ltr'>propagandi</span> <span class='ocrx_word' id='word_1_58' title='bbox 589 701 679 763; x_wconf 86' lang='lat' dir='ltr'>imperii</span> <span class='ocrx_word' id='word_1_59' title='bbox 690 708 736 748; x_wconf 89' lang='lat' dir='ltr'>stu-</span> 
     </span>
     <span class='ocr_line' id='line_1_10' title="bbox 72 762 736 824; baseline 0.005 -13"><span class='ocrx_word' id='word_1_60' title='bbox 72 766 118 822; x_wconf 92' lang='lat' dir='ltr'>dio,</span> <span class='ocrx_word' id='word_1_61' title='bbox 136 765 175 811; x_wconf 87' lang='lat' dir='ltr'>scd</span> <span class='ocrx_word' id='word_1_62' title='bbox 186 763 251 811; x_wconf 85' lang='lat' dir='ltr'>soliti</span> <span class='ocrx_word' id='word_1_63' title='bbox 261 765 359 819; x_wconf 83' lang='lat' dir='ltr'>levitate,</span> <span class='ocrx_word' id='word_1_64' title='bbox 376 764 413 811; x_wconf 91' lang='lat' dir='ltr'>vel</span> <span class='ocrx_word' id='word_1_65' title='bbox 423 762 481 811; x_wconf 77' lang='lat' dir='ltr'>vani</span> <span class='ocrx_word' id='word_1_66' title='bbox 491 764 547 814; x_wconf 89' lang='lat' dir='ltr'>Julii</span> <span class='ocrx_word' id='word_1_67' title='bbox 559 762 670 824; x_wconf 58' lang='grc' dir='ltr'>(Σπειώ,</span> <span class='ocrx_word' id='word_1_68' title='bbox 684 766 736 814; x_wconf 88' lang='lat' dir='ltr'>Bri·</span> 
     </span>
     <span class='ocr_line' id='line_1_11' title="bbox 70 829 737 893; baseline 0.004 -17"><span class='ocrx_word' id='word_1_69' title='bbox 70 837 192 876; x_wconf 89' lang='lat' dir='ltr'>tannorum</span> <span class='ocrx_word' id='word_1_70' title='bbox 209 829 308 884; x_wconf 90' lang='lat' dir='ltr'>victoris,</span> <span class='ocrx_word' id='word_1_71' title='bbox 329 829 478 883; x_wconf 75' lang='lat' dir='ltr'>aemulatione,</span> <span class='ocrx_word' id='word_1_72' title='bbox 500 837 605 892; x_wconf 75' lang='lat' dir='ltr'>suasepta</span> <span class='ocrx_word' id='word_1_73' title='bbox 624 830 737 893; x_wconf 75' lang='lat' dir='ltr'>expeditio</span> 
     </span>
     <span class='ocr_line' id='line_1_12' title="bbox 72 894 735 956; baseline 0.003 -15"><span class='ocrx_word' id='word_1_74' title='bbox 72 894 217 942; x_wconf 90' lang='lat' dir='ltr'>Britannica:</span> <span class='ocrx_word' id='word_1_75' title='bbox 237 894 368 956; x_wconf 86' lang='lat' dir='ltr'>ingentique</span> <span class='ocrx_word' id='word_1_76' title='bbox 386 909 438 940; x_wconf 88' lang='lat' dir='ltr'>oum</span> <span class='ocrx_word' id='word_1_77' title='bbox 457 895 559 941; x_wconf 83' lang='lat' dir='ltr'>exercitu</span> <span class='ocrx_word' id='word_1_78' title='bbox 578 894 735 952; x_wconf 72' lang='lat' dir='ltr'>Gesoriacum,</span> 
     </span>
     <span class='ocr_line' id='line_1_13' title="bbox 71 957 735 1025; baseline 0.005 -20"><span class='ocrx_word' id='word_1_79' title='bbox 71 958 217 1005; x_wconf 86' lang='lat' dir='ltr'>Morinorum</span> <span class='ocrx_word' id='word_1_80' title='bbox 231 960 344 1021; x_wconf 89' lang='lat' dir='ltr'>oppidum,</span> <span class='ocrx_word' id='word_1_81' title='bbox 362 959 421 1005; x_wconf 91' lang='lat' dir='ltr'>unde</span> <span class='ocrx_word' id='word_1_82' title='bbox 430 957 502 1005; x_wconf 82' lang='lat' dir='ltr'>facilis</span> <span class='ocrx_word' id='word_1_83' title='bbox 512 960 536 1004; x_wconf 92' lang='lat' dir='ltr'>in</span> <span class='ocrx_word' id='word_1_84' title='bbox 546 960 645 1007; x_wconf 82' lang='lat' dir='ltr'>insulam</span> <span class='ocrx_word' id='word_1_85' title='bbox 655 963 735 1025; x_wconf 75' lang='lat' dir='ltr'>trajan-</span> 
     </span>
     <span class='ocr_line' id='line_1_14' title="bbox 70 1020 736 1085; baseline 0.005 -15"><span class='ocrx_word' id='word_1_86' title='bbox 70 1030 114 1078; x_wconf 89' lang='lat' dir='ltr'>tus,</span> <span class='ocrx_word' id='word_1_87' title='bbox 130 1030 273 1085; x_wconf 90' lang='lat' dir='ltr'>properatum</span> <span class='ocrx_word' id='word_1_88' title='bbox 291 1030 333 1070; x_wconf 80' lang='lat' dir='ltr'>est.</span> <span class='ocrx_word' id='word_1_89' title='bbox 364 1023 422 1070; x_wconf 88' lang='lat' dir='ltr'>Dux</span> <span class='ocrx_word' id='word_1_90' title='bbox 435 1023 488 1070; x_wconf 88' lang='lat' dir='ltr'>belli</span> <span class='ocrx_word' id='word_1_91' title='bbox 498 1020 587 1079; x_wconf 78' lang='lat' dir='ltr'>Caessr,</span> <span class='ocrx_word' id='word_1_92' title='bbox 602 1026 667 1085; x_wconf 89' lang='lat' dir='ltr'>quasi</span> <span class='ocrx_word' id='word_1_93' title='bbox 678 1042 736 1073; x_wconf 90' lang='lat' dir='ltr'>unus</span> 
     </span>
     <span class='ocr_line' id='line_1_15' title="bbox 70 1088 735 1150; baseline 0.005 -16"><span class='ocrx_word' id='word_1_94' title='bbox 70 1088 187 1135; x_wconf 82' lang='lat' dir='ltr'>domandis</span> <span class='ocrx_word' id='word_1_95' title='bbox 198 1090 298 1135; x_wconf 81' lang='lat' dir='ltr'>hostibus</span> <span class='ocrx_word' id='word_1_96' title='bbox 308 1088 368 1135; x_wconf 84' lang='lat' dir='ltr'>baud</span> <span class='ocrx_word' id='word_1_97' title='bbox 378 1089 455 1150; x_wconf 91' lang='lat' dir='ltr'>impar,</span> <span class='ocrx_word' id='word_1_98' title='bbox 472 1095 562 1150; x_wconf 87' lang='lat' dir='ltr'>eportn</span> <span class='ocrx_word' id='word_1_99' title='bbox 577 1089 660 1136; x_wconf 84' lang='lat' dir='ltr'>solvit:</span> <span class='ocrx_word' id='word_1_100' title='bbox 680 1104 735 1138; x_wconf 84' lang='lat' dir='ltr'>mox</span> 
     </span>
     <span class='ocr_line' id='line_1_16' title="bbox 68 1152 735 1214; baseline 0.007 -16"><span class='ocrx_word' id='word_1_101' title='bbox 68 1155 140 1207; x_wconf 88' lang='lat' dir='ltr'>rediit,</span> <span class='ocrx_word' id='word_1_102' title='bbox 157 1161 247 1214; x_wconf 88' lang='lat' dir='ltr'>recepto</span> <span class='ocrx_word' id='word_1_103' title='bbox 266 1153 289 1199; x_wconf 91' lang='lat' dir='ltr'>in</span> <span class='ocrx_word' id='word_1_104' title='bbox 308 1153 444 1200; x_wconf 90' lang='lat' dir='ltr'>deditionem</span> <span class='ocrx_word' id='word_1_105' title='bbox 463 1152 579 1208; x_wconf 82' lang='lat' dir='ltr'>Adminio,</span> <span class='ocrx_word' id='word_1_106' title='bbox 596 1152 735 1203; x_wconf 83' lang='lat' dir='ltr'>Cunobelini</span> 
     </span>
     <span class='ocr_line' id='line_1_17' title="bbox 68 1216 732 1280; baseline 0.003 -15"><span class='ocrx_word' id='word_1_107' title='bbox 68 1216 230 1265; x_wconf 86' lang='lat' dir='ltr'>Britannorum</span> <span class='ocrx_word' id='word_1_108' title='bbox 242 1219 302 1279; x_wconf 86' lang='lat' dir='ltr'>regis</span> <span class='ocrx_word' id='word_1_109' title='bbox 311 1217 365 1274; x_wconf 88' lang='lat' dir='ltr'>filio,</span> <span class='ocrx_word' id='word_1_110' title='bbox 380 1218 420 1279; x_wconf 90' lang='lat' dir='ltr'>qui</span> <span class='ocrx_word' id='word_1_111' title='bbox 433 1216 511 1280; x_wconf 88' lang='lat' dir='ltr'>pulsus</span> <span class='ocrx_word' id='word_1_112' title='bbox 522 1224 609 1280; x_wconf 78' lang='lat' dir='ltr'>epatre</span> <span class='ocrx_word' id='word_1_113' title='bbox 620 1234 673 1266; x_wconf 87' lang='lat' dir='ltr'>cum</span> <span class='ocrx_word' id='word_1_114' title='bbox 684 1221 732 1267; x_wconf 81' lang='lat' dir='ltr'>exi·</span> 
     </span>
     <span class='ocr_line' id='line_1_18' title="bbox 67 1282 363 1346; baseline 0 -16"><span class='ocrx_word' id='word_1_115' title='bbox 67 1282 116 1346; x_wconf 80' lang='lat' dir='ltr'>gub</span> <span class='ocrx_word' id='word_1_116' title='bbox 125 1297 194 1330; x_wconf 86' lang='lat' dir='ltr'>manu</span> <span class='ocrx_word' id='word_1_117' title='bbox 205 1283 363 1345; x_wconf 80' lang='lat' dir='ltr'>transfugerat.</span> 
     </span>
    </p>

    <p class='ocr_par' dir='ltr' id='par_1_4' title="bbox 60 1346 813 2235">
     <span class='ocr_line' id='line_1_19' title="bbox 100 1346 737 1411; baseline 0.006 -16"><span class='ocrx_word' id='word_1_118' title='bbox 100 1346 223 1411; x_wconf 82' lang='lat' dir='ltr'>[Exercitu</span> <span class='ocrx_word' id='word_1_119' title='bbox 233 1349 336 1410; x_wconf 84' lang='lat' dir='ltr'>auspiciis</span> <span class='ocrx_word' id='word_1_120' title='bbox 349 1349 410 1402; x_wconf 84' lang='lat' dir='ltr'>laeto,</span> <span class='ocrx_word' id='word_1_121' title='bbox 427 1349 566 1410; x_wconf 87' lang='lat' dir='ltr'>superboque</span> <span class='ocrx_word' id='word_1_122' title='bbox 580 1355 683 1411; x_wconf 78' lang='lat' dir='ltr'>gentem,</span> <span class='ocrx_word' id='word_1_123' title='bbox 699 1350 737 1399; x_wconf 77' lang='lat' dir='ltr'>D.</span> 
     </span>
     <span class='ocr_line' id='line_1_20' title="bbox 66 1411 731 1474; baseline 0.003 -14"><span class='ocrx_word' id='word_1_124' title='bbox 66 1411 83 1460; x_wconf 91' lang='lat' dir='ltr'><strong>J</strong></span> <span class='ocrx_word' id='word_1_125' title='bbox 84 1413 129 1460; x_wconf 84' lang='lat' dir='ltr'>ullo</span> <span class='ocrx_word' id='word_1_126' title='bbox 140 1414 239 1474; x_wconf 88' lang='lat' dir='ltr'>petitam,</span> <span class='ocrx_word' id='word_1_127' title='bbox 255 1429 300 1459; x_wconf 90' lang='lat' dir='ltr'>non</span> <span class='ocrx_word' id='word_1_128' title='bbox 312 1414 425 1466; x_wconf 87' lang='lat' dir='ltr'>domitam,</span> <span class='ocrx_word' id='word_1_129' title='bbox 443 1414 555 1474; x_wconf 88' lang='lat' dir='ltr'>triumpha</span> <span class='ocrx_word' id='word_1_130' title='bbox 566 1413 681 1471; x_wconf 88' lang='lat' dir='ltr'>destinari,</span> <span class='ocrx_word' id='word_1_131' title='bbox 693 1430 731 1462; x_wconf 87' lang='lat' dir='ltr'>es·</span> 
     </span>
     <span class='ocr_line' id='line_1_21' title="bbox 66 1478 731 1540; baseline 0.006 -17"><span class='ocrx_word' id='word_1_132' title='bbox 66 1479 126 1535; x_wconf 89' lang='lat' dir='ltr'>dem,</span> <span class='ocrx_word' id='word_1_133' title='bbox 143 1492 194 1538; x_wconf 88' lang='lat' dir='ltr'>quae</span> <span class='ocrx_word' id='word_1_134' title='bbox 205 1494 264 1524; x_wconf 90' lang='lat' dir='ltr'>anno</span> <span class='ocrx_word' id='word_1_135' title='bbox 275 1479 388 1540; x_wconf 88' lang='lat' dir='ltr'>superiore</span> <span class='ocrx_word' id='word_1_136' title='bbox 399 1478 501 1533; x_wconf 87' lang='lat' dir='ltr'>vidimus,</span> <span class='ocrx_word' id='word_1_137' title='bbox 518 1478 570 1524; x_wconf 90' lang='lat' dir='ltr'>belii</span> <span class='ocrx_word' id='word_1_138' title='bbox 587 1486 612 1525; x_wconf 85' lang='lat' dir='ltr'>ct</span> <span class='ocrx_word' id='word_1_139' title='bbox 628 1480 731 1527; x_wconf 74' lang='lat' dir='ltr'>victoriae</span> 
     </span>
     <span class='ocr_line' id='line_1_22' title="bbox 64 1541 729 1605; baseline 0.005 -17"><span class='ocrx_word' id='word_1_140' title='bbox 64 1542 158 1589; x_wconf 89' lang='lat' dir='ltr'>ludibria</span> <span class='ocrx_word' id='word_1_141' title='bbox 176 1541 295 1590; x_wconf 69' lang='lat' dir='ltr'>revertere.</span> <span class='ocrx_word' id='word_1_142' title='bbox 334 1542 396 1589; x_wconf 89' lang='lat' dir='ltr'>Nam</span> <span class='ocrx_word' id='word_1_143' title='bbox 413 1544 522 1605; x_wconf 90' lang='lat' dir='ltr'>princeps,</span> <span class='ocrx_word' id='word_1_144' title='bbox 539 1542 624 1589; x_wconf 76' lang='lat' dir='ltr'>directi</span> <span class='ocrx_word' id='word_1_145' title='bbox 641 1544 689 1591; x_wconf 87' lang='lat' dir='ltr'>acie</span> <span class='ocrx_word' id='word_1_146' title='bbox 706 1545 729 1590; x_wconf 91' lang='lat' dir='ltr'>in</span> 
     </span>
     <span class='ocr_line' id='line_1_23' title="bbox 64 1606 813 1669; baseline 0.008 -17"><span class='ocrx_word' id='word_1_147' title='bbox 64 1607 130 1652; x_wconf 89' lang='lat' dir='ltr'>litore</span> <span class='ocrx_word' id='word_1_148' title='bbox 142 1606 234 1661; x_wconf 84' lang='lat' dir='ltr'>Oceani,</span> <span class='ocrx_word' id='word_1_149' title='bbox 242 1608 335 1654; x_wconf 90' lang='lat' dir='ltr'>ballistis</span> <span class='ocrx_word' id='word_1_150' title='bbox 345 1608 496 1668; x_wconf 81' lang='lat' dir='ltr'>machinisque</span> <span class='ocrx_word' id='word_1_151' title='bbox 503 1607 624 1669; x_wconf 87' lang='lat' dir='ltr'>dispositis,</span> <span class='ocrx_word' id='word_1_152' title='bbox 633 1609 730 1655; x_wconf 87' lang='lat' dir='ltr'>tribunal</span> <span class='ocrx_word' id='word_1_153' title='bbox 810 1651 813 1658; x_wconf 92' lang='lat'>.</span> 
     </span>
     <span class='ocr_line' id='line_1_24' title="bbox 66 1672 729 1733; baseline 0.006 -17"><span class='ocrx_word' id='word_1_154' title='bbox 66 1672 203 1725; x_wconf 84' lang='lat' dir='ltr'>conscendit,</span> <span class='ocrx_word' id='word_1_155' title='bbox 220 1672 302 1718; x_wconf 89' lang='lat' dir='ltr'>milites</span> <span class='ocrx_word' id='word_1_156' title='bbox 318 1672 450 1733; x_wconf 88' lang='lat' dir='ltr'>alloquitur:</span> <span class='ocrx_word' id='word_1_157' title='bbox 469 1680 518 1718; x_wconf 87' lang='lat' dir='ltr'>turn</span> <span class='ocrx_word' id='word_1_158' title='bbox 533 1675 654 1719; x_wconf 88' lang='lat' dir='ltr'>insonante</span> <span class='ocrx_word' id='word_1_159' title='bbox 670 1673 729 1720; x_wconf 88' lang='lat' dir='ltr'>clas·</span> 
     </span>
     <span class='ocr_line' id='line_1_25' title="bbox 64 1736 728 1800; baseline 0.005 -19"><span class='ocrx_word' id='word_1_160' title='bbox 64 1736 119 1790; x_wconf 84' lang='lat' dir='ltr'>sico,</span> <span class='ocrx_word' id='word_1_161' title='bbox 137 1738 276 1797; x_wconf 86' lang='lat' dir='ltr'>stupentibus</span> <span class='ocrx_word' id='word_1_162' title='bbox 288 1739 380 1791; x_wconf 87' lang='lat' dir='ltr'>cunctis,</span> <span class='ocrx_word' id='word_1_163' title='bbox 393 1753 435 1783; x_wconf 89' lang='lat' dir='ltr'>nec</span> <span class='ocrx_word' id='word_1_164' title='bbox 446 1738 589 1798; x_wconf 86' lang='lat' dir='ltr'>opinantibus</span> <span class='ocrx_word' id='word_1_165' title='bbox 599 1738 653 1798; x_wconf 90' lang='lat' dir='ltr'>quid</span> <span class='ocrx_word' id='word_1_166' title='bbox 663 1753 728 1800; x_wconf 85' lang='lat' dir='ltr'>para-</span> 
     </span>
     <span class='ocr_line' id='line_1_26' title="bbox 64 1798 730 1864; baseline 0.006 -19"><span class='ocrx_word' id='word_1_167' title='bbox 64 1807 106 1855; x_wconf 90' lang='lat' dir='ltr'>ret,</span> <span class='ocrx_word' id='word_1_168' title='bbox 122 1802 219 1847; x_wconf 87' lang='lat' dir='ltr'>conchas</span> <span class='ocrx_word' id='word_1_169' title='bbox 230 1801 284 1861; x_wconf 82' lang='lat' dir='ltr'>legi,</span> <span class='ocrx_word' id='word_1_170' title='bbox 301 1803 377 1863; x_wconf 87' lang='lat' dir='ltr'>galeas</span> <span class='ocrx_word' id='word_1_171' title='bbox 388 1809 412 1847; x_wconf 89' lang='lat' dir='ltr'>et</span> <span class='ocrx_word' id='word_1_172' title='bbox 422 1803 484 1849; x_wconf 84' lang='lat' dir='ltr'>sinus</span> <span class='ocrx_word' id='word_1_173' title='bbox 494 1803 574 1864; x_wconf 89' lang='lat' dir='ltr'>repleri</span> <span class='ocrx_word' id='word_1_174' title='bbox 580 1802 660 1864; x_wconf 87' lang='lat' dir='ltr'>jubet:</span> <span class='ocrx_word' id='word_1_175' title='bbox 679 1798 730 1849; x_wconf 79' lang='lat' dir='ltr'>haee</span> 
     </span>
     <span class='ocr_line' id='line_1_27' title="bbox 64 1863 730 1928; baseline 0.005 -17"><span class='ocrx_word' id='word_1_176' title='bbox 64 1864 149 1911; x_wconf 89' lang='lat' dir='ltr'>Oceani</span> <span class='ocrx_word' id='word_1_177' title='bbox 167 1867 238 1926; x_wconf 92' lang='lat' dir='ltr'>spolia</span> <span class='ocrx_word' id='word_1_178' title='bbox 252 1863 364 1928; x_wconf 85' lang='lat' dir='ltr'>Capitolio</span> <span class='ocrx_word' id='word_1_179' title='bbox 380 1866 510 1927; x_wconf 88' lang='lat' dir='ltr'>Palatioque</span> <span class='ocrx_word' id='word_1_180' title='bbox 526 1867 600 1913; x_wconf 84' lang='lat' dir='ltr'>deberi</span> <span class='ocrx_word' id='word_1_181' title='bbox 616 1866 730 1915; x_wconf 62' lang='lat' dir='ltr'>dictinus.</span> 
     </span>
     <span class='ocr_line' id='line_1_28' title="bbox 63 1927 728 1991; baseline 0 -14"><span class='ocrx_word' id='word_1_182' title='bbox 63 1927 127 1977; x_wconf 86' lang='lat' dir='ltr'>Exin</span> <span class='ocrx_word' id='word_1_183' title='bbox 146 1931 289 1991; x_wconf 89' lang='lat' dir='ltr'>pronuntiato</span> <span class='ocrx_word' id='word_1_184' title='bbox 307 1932 372 1977; x_wconf 88' lang='lat' dir='ltr'>militi</span> <span class='ocrx_word' id='word_1_185' title='bbox 391 1932 504 1984; x_wconf 88' lang='lat' dir='ltr'>donativo,</span> <span class='ocrx_word' id='word_1_186' title='bbox 522 1933 623 1979; x_wconf 88' lang='lat' dir='ltr'>centenis</span> <span class='ocrx_word' id='word_1_187' title='bbox 642 1932 728 1978; x_wconf 86' lang='lat' dir='ltr'>viritim</span> 
     </span>
     <span class='ocr_line' id='line_1_29' title="bbox 63 1994 726 2058; baseline 0.003 -17"><span class='ocrx_word' id='word_1_188' title='bbox 63 1994 165 2050; x_wconf 86' lang='lat' dir='ltr'>denariis,</span> <span class='ocrx_word' id='word_1_189' title='bbox 183 1997 245 2056; x_wconf 89' lang='lat' dir='ltr'>quasi</span> <span class='ocrx_word' id='word_1_190' title='bbox 263 2012 330 2042; x_wconf 88' lang='lat' dir='ltr'>omne</span> <span class='ocrx_word' id='word_1_191' title='bbox 347 1997 473 2058; x_wconf 83' lang='lat' dir='ltr'>exemplum</span> <span class='ocrx_word' id='word_1_192' title='bbox 492 1996 630 2043; x_wconf 87' lang='lat' dir='ltr'>liberalitatis</span> <span class='ocrx_word' id='word_1_193' title='bbox 647 2011 726 2057; x_wconf 90' lang='lat' dir='ltr'>super·</span> 
     </span>
     <span class='ocr_line' id='line_1_30' title="bbox 60 2059 724 2123; baseline 0.003 -18"><span class='ocrx_word' id='word_1_194' title='bbox 60 2075 168 2121; x_wconf 83' lang='lat' dir='ltr'>gressus:</span> <span class='ocrx_word' id='word_1_195' title='bbox 189 2059 301 2114; x_wconf 73' lang='lat' dir='ltr'>“Abire”</span> <span class='ocrx_word' id='word_1_196' title='bbox 319 2062 398 2121; x_wconf 83' lang='lat' dir='ltr'>inquit,</span> <span class='ocrx_word' id='word_1_197' title='bbox 416 2060 488 2115; x_wconf 81' lang='lat' dir='ltr'>“laeti,</span> <span class='ocrx_word' id='word_1_198' title='bbox 497 2062 555 2108; x_wconf 90' lang='lat' dir='ltr'>abite</span> <span class='ocrx_word' id='word_1_199' title='bbox 565 2059 724 2123; x_wconf 78' lang='lat' dir='ltr'>locupletesr&#39;¹</span> 
     </span>
     <span class='ocr_line' id='line_1_31' title="bbox 62 2124 726 2189; baseline 0.003 -19"><span class='ocrx_word' id='word_1_200' title='bbox 62 2139 91 2170; x_wconf 89' lang='lat' dir='ltr'>ne</span> <span class='ocrx_word' id='word_1_201' title='bbox 101 2140 186 2186; x_wconf 86' lang='lat' dir='ltr'>gnarus</span> <span class='ocrx_word' id='word_1_202' title='bbox 203 2125 294 2186; x_wconf 88' lang='lat' dir='ltr'>quidem</span> <span class='ocrx_word' id='word_1_203' title='bbox 310 2124 392 2173; x_wconf 85' lang='lat' dir='ltr'>samam</span> <span class='ocrx_word' id='word_1_204' title='bbox 407 2141 484 2188; x_wconf 88' lang='lat' dir='ltr'>parare</span> <span class='ocrx_word' id='word_1_205' title='bbox 495 2128 639 2188; x_wconf 85' lang='lat' dir='ltr'>praemiorum</span> <span class='ocrx_word' id='word_1_206' title='bbox 658 2140 726 2189; x_wconf 87' lang='lat' dir='ltr'>mag·</span> 
     </span>
     <span class='ocr_line' id='line_1_32' title="bbox 61 2186 386 2235; baseline 0 -1"><span class='ocrx_word' id='word_1_207' title='bbox 61 2188 168 2235; x_wconf 88' lang='lat' dir='ltr'>nitudine.</span> <span class='ocrx_word' id='word_1_208' title='bbox 383 2186 386 2192; x_wconf 79' lang='lat'>&#39;</span> 
     </span>
    </p>

    <p class='ocr_par' dir='ltr' id='par_1_5' title="bbox 48 2250 744 2641">
     <span class='ocr_line' id='line_1_33' title="bbox 95 2250 727 2316; baseline 0.009 -18"><span class='ocrx_word' id='word_1_209' title='bbox 95 2250 216 2314; x_wconf 72' lang='lat' dir='ltr'>[ldctoriae</span> <span class='ocrx_word' id='word_1_210' title='bbox 232 2260 307 2300; x_wconf 89' lang='lat' dir='ltr'>tamen</span> <span class='ocrx_word' id='word_1_211' title='bbox 325 2256 423 2316; x_wconf 84' lang='lat' dir='ltr'>imagine</span> <span class='ocrx_word' id='word_1_212' title='bbox 433 2271 461 2302; x_wconf 91' lang='lat' dir='ltr'>eo</span> <span class='ocrx_word' id='word_1_213' title='bbox 472 2256 587 2311; x_wconf 87' lang='lat' dir='ltr'>amentior,</span> <span class='ocrx_word' id='word_1_214' title='bbox 606 2271 651 2316; x_wconf 93' lang='lat' dir='ltr'>quo</span> <span class='ocrx_word' id='word_1_215' title='bbox 668 2254 727 2304; x_wconf 76' lang='lat' dir='ltr'>salsi</span> 
     </span>
     <span class='ocr_line' id='line_1_34' title="bbox 61 2317 725 2381; baseline 0.014 -20"><span class='ocrx_word' id='word_1_216' title='bbox 61 2318 141 2378; x_wconf 84' lang='lat' dir='ltr'>magis,</span> <span class='ocrx_word' id='word_1_217' title='bbox 158 2319 227 2365; x_wconf 88' lang='lat' dir='ltr'>veluti</span> <span class='ocrx_word' id='word_1_218' title='bbox 246 2317 326 2366; x_wconf 78' lang='lat' dir='ltr'>traditi</span> <span class='ocrx_word' id='word_1_219' title='bbox 341 2319 465 2375; x_wconf 71' lang='lat' dir='ltr'>Britanniis,</span> <span class='ocrx_word' id='word_1_220' title='bbox 482 2321 613 2381; x_wconf 85' lang='lat' dir='ltr'>frenatoque</span> <span class='ocrx_word' id='word_1_221' title='bbox 624 2320 725 2376; x_wconf 78' lang='lat' dir='ltr'>oceano,</span> 
     </span>
     <span class='ocr_line' id='line_1_35' title="bbox 60 2381 725 2448; baseline 0.008 -21"><span class='ocrx_word' id='word_1_222' title='bbox 60 2381 192 2443; x_wconf 84' lang='lat' dir='ltr'>magnificas</span> <span class='ocrx_word' id='word_1_223' title='bbox 209 2383 306 2429; x_wconf 88' lang='lat' dir='ltr'>Romam</span> <span class='ocrx_word' id='word_1_224' title='bbox 321 2385 396 2431; x_wconf 89' lang='lat' dir='ltr'>literas</span> <span class='ocrx_word' id='word_1_225' title='bbox 408 2386 484 2442; x_wconf 83' lang='lat' dir='ltr'>misit3</span> <span class='ocrx_word' id='word_1_226' title='bbox 501 2387 632 2446; x_wconf 86' lang='lat' dir='ltr'>monuitque</span> <span class='ocrx_word' id='word_1_227' title='bbox 643 2402 725 2448; x_wconf 85' lang='lat' dir='ltr'>specu·</span> 
     </span>
     <span class='ocr_line' id='line_1_36' title="bbox 60 2446 725 2512; baseline 0.008 -20"><span class='ocrx_word' id='word_1_228' title='bbox 60 2446 143 2493; x_wconf 91' lang='lat' dir='ltr'>latores</span> <span class='ocrx_word' id='word_1_229' title='bbox 160 2455 185 2494; x_wconf 91' lang='lat' dir='ltr'>ut</span> <span class='ocrx_word' id='word_1_230' title='bbox 202 2449 305 2494; x_wconf 82' lang='lat' dir='ltr'>vehiculo</span> <span class='ocrx_word' id='word_1_231' title='bbox 321 2451 349 2496; x_wconf 88' lang='lat' dir='ltr'>nd</span> <span class='ocrx_word' id='word_1_232' title='bbox 366 2449 439 2497; x_wconf 88' lang='lat' dir='ltr'>forum</span> <span class='ocrx_word' id='word_1_233' title='bbox 457 2466 527 2511; x_wconf 90' lang='lat' dir='ltr'>usque</span> <span class='ocrx_word' id='word_1_234' title='bbox 542 2458 565 2498; x_wconf 90' lang='lat' dir='ltr'>et</span> <span class='ocrx_word' id='word_1_235' title='bbox 576 2451 660 2497; x_wconf 86' lang='lat' dir='ltr'>auriam</span> <span class='ocrx_word' id='word_1_236' title='bbox 672 2466 725 2512; x_wconf 88' lang='lat' dir='ltr'>per·</span> 
     </span>
     <span class='ocr_line' id='line_1_37' title="bbox 59 2512 724 2571; baseline 0.003 -11"><span class='ocrx_word' id='word_1_237' title='bbox 59 2512 184 2569; x_wconf 79' lang='lat' dir='ltr'>tonderent,</span> <span class='ocrx_word' id='word_1_238' title='bbox 203 2529 244 2561; x_wconf 79' lang='lat' dir='ltr'>nuc</span> <span class='ocrx_word' id='word_1_239' title='bbox 256 2514 301 2562; x_wconf 79' lang='lat' dir='ltr'>nisi</span> <span class='ocrx_word' id='word_1_240' title='bbox 309 2515 335 2561; x_wconf 81' lang='lat' dir='ltr'>&#39;m</span> <span class='ocrx_word' id='word_1_241' title='bbox 346 2516 396 2562; x_wconf 76' lang='lat' dir='ltr'>tude</span> <span class='ocrx_word' id='word_1_242' title='bbox 404 2515 500 2568; x_wconf 73' lang='lat' dir='ltr'>biariis,</span> <span class='ocrx_word' id='word_1_243' title='bbox 514 2531 543 2559; x_wconf 79' lang='lat' dir='ltr'>ae</span> <span class='ocrx_word' id='word_1_244' title='bbox 555 2514 675 2571; x_wconf 61' lang='lat' dir='ltr'>irenuente</span> <span class='ocrx_word' id='word_1_245' title='bbox 687 2532 724 2562; x_wconf 77' lang='lat' dir='ltr'>se·</span> 
     </span>
     <span class='ocr_line' id='line_1_38' title="bbox 48 2576 744 2641; baseline -0.019 -13"><span class='ocrx_word' id='word_1_246' title='bbox 48 2588 115 2641; x_wconf 88' lang='lat' dir='ltr'>natu,</span> <span class='ocrx_word' id='word_1_247' title='bbox 135 2583 270 2631; x_wconf 88' lang='lat' dir='ltr'>consulibus</span> <span class='ocrx_word' id='word_1_248' title='bbox 288 2597 329 2629; x_wconf 80' lang='lat' dir='ltr'>eas</span> <span class='ocrx_word' id='word_1_249' title='bbox 344 2579 475 2629; x_wconf 79' lang='lat' dir='ltr'>traderent.</span> <span class='ocrx_word' id='word_1_250' title='bbox 500 2576 744 2629; x_wconf 56' lang='lat' dir='ltr'>Veiisnsnuomiene</span> 
     </span>
    </p>
   </div>
   <div class='ocr_carea' id='block_1_3' title="bbox 36 2632 761 2716">
    <p class='ocr_par' dir='ltr' id='par_1_6' title="bbox 36 2632 761 2716">
     <span class='ocr_line' id='line_1_39' title="bbox 36 2632 761 2716; baseline -0.004 -15"><span class='ocrx_word' id='word_1_251' title='bbox 36 2650 203 2716; x_wconf 75' lang='lat' dir='ltr'>expeditionis</span> <span class='ocrx_word' id='word_1_252' title='bbox 226 2650 346 2701; x_wconf 86' lang='lat' dir='ltr'>memoria</span> <span class='ocrx_word' id='word_1_253' title='bbox 364 2646 464 2712; x_wconf 78' lang='lat' dir='ltr'>periret,</span> <span class='ocrx_word' id='word_1_254' title='bbox 481 2635 608 2686; x_wconf 61' lang='lat' dir='ltr'>Geminum</span> <span class='ocrx_word' id='word_1_255' title='bbox 621 2632 761 2676; x_wconf 36' lang='lat' dir='ltr'>&amp;iiim</span> 
     </span>
    </p>
   </div>
   <div class='ocr_carea' id='block_1_4' title="bbox 0 0 844 2910">
    <p class='ocr_par' dir='ltr' id='par_1_7' title="bbox 0 0 844 2910">
     <span class='ocr_line' id='line_1_40' title="bbox 0 0 844 2910; baseline 0 3"><span class='ocrx_word' id='word_1_256' title='bbox 0 0 844 2910; x_wconf 95' lang='lat' dir='ltr'> </span> 
     </span>
    </p>
   </div>
  </div>
 </body>
</html>
