1680 2910
56 197 104 238 J.c
124 193 156 235 36.
210 189 401 239 ANNALIUM
418 190 470 240 Lm.
479 189 523 237 VI.
536 188 595 239 Car.
604 194 643 236 42.
676 193 721 235 211

57 324 117 370 natis
131 323 236 370 lictorum
250 323 353 369 manibus
368 322 392 368 in
403 326 516 368 carcerem
527 327 602 383 raptus
613 326 656 376 est,
672 318 723 366 fau·

56 403 140 450 aesque
149 389 199 450 jam
213 388 322 434 exanimis
337 388 417 447 laqueo
429 393 525 433 vexatae.
558 384 598 432 Ne
609 384 723 446 tigranes

56 455 157 516 quidem,
176 450 287 500 annania
304 452 419 513 quondam
432 452 526 513 potitus,
545 465 571 498 ae
589 458 644 497 tunc
662 465 727 507 reus,

56 519 151 566 nomine
161 519 224 580 regio
230 517 343 579 supplicia
350 517 432 563 civium
441 513 527 578 effugit.
560 515 594 562 At
603 513 631 579 C.
640 514 727 573 Galba,¹

56 583 191 640 consulum,
208 588 231 630 et
245 582 290 628 duo
301 581 380 638 Blaesi,
396 581 522 628 voluntario
532 581 595 627 exito
606 575 720 627 accidire:

57 649 142 705 Galba,
152 648 252 694 tristibus
262 645 358 695 Caesaris
364 647 435 693 literis
441 646 578 708 provinciam
587 645 661 692 sortiri
669 659 727 704 proc

52 713 155 769 hibitus-3
172 712 255 758 Blaesi's
266 712 396 768 sacerdotia,
416 709 504 773 integri
516 725 594 757 eorum
605 710 673 756 domo
681 709 721 755 de·

57 779 149 832 atinam,
162 774 270 823 convulsi
280 776 408 822 distulerat:
427 784 491 830 tunc,
500 782 526 821 ut
536 790 615 831 vacua,
627 772 723 821 contulit

57 845 82 890 ‘m
97 842 169 888 alios:
189 841 249 901 quod
263 841 353 902 signum
367 841 447 887 mortis
457 836 600 896 intellexire3
618 847 641 886 et
656 853 724 884 exse·

58 907 106 954 cuti
117 912 188 952 sunt>
210 905 244 952 Et
254 905 348 952 AEmilia
364 904 458 966 Lepida,
474 920 540 964 quam
547 904 627 966 juveni
643 902 723 952 Druso
742 912 744 917 '

57 979 153 1033 nuptam
170 971 244 1027 retuli,
261 966 343 1017 crebris
354 971 481 1016 criminibus
497 970 601 1016 maritum
612 969 722 1024 insecuta,

57 1051 194 1098 quamquam
204 1036 345 1091 intestabilis,
358 1042 434 1081 tamen
444 1035 554 1095 impunita
563 1034 652 1095 agebat,
659 1040 662 1046 '
669 1033 723 1079 dum

58 1100 170 1163 superfuit
177 1107 240 1162 pater
250 1099 350 1160 Lepidus
358 1116 366 1156 ;
383 1107 434 1160 post
443 1115 456 1145 a
464 1099 598 1146 delatoribus
606 1098 724 1158 corripitur

59 1167 91 1213 ob
104 1171 193 1212 servum
210 1165 345 1211 adulterum:
366 1171 407 1211 nec
422 1165 560 1212 dubitabatur
575 1164 603 1210 de
619 1163 721 1225 flagitioa

57 1237 126 1291 ergo,
138 1227 221 1276 omissi
232 1229 367 1279 defensione.
378 1229 446 1276 finem
457 1231 511 1276 vitae
522 1231 563 1277 sibi
573 1229 655 1291 posuit.

92 1293 164 1341 XLI.
182 1294 227 1340 Per
234 1296 293 1342 idem
301 1303 390 1356 tempus
399 1293 509 1342 Clitarum
515 1295 585 1349 natio,
596 1292 725 1355 Cappadoci

59 1359 175 1406 Archelao
187 1361 292 1420 subjecta,
310 1361 361 1420 quia
375 1367 477 1406 nostrum
493 1361 517 1406 in
529 1361 621 1406 modum
630 1359 725 1406 'deferre

57 1440 153 1480 census,
163 1425 209 1486 pati
221 1426 302 1471 tributa
312 1425 449 1487 adigebatur,
462 1425 484 1471 in
491 1426 549 1487 juga
559 1424 629 1472 Tauri
640 1424 725 1470 montis

59 1490 181 1536 abscessit:
200 1489 345 1550 locorumque
358 1491 449 1553 ingenio
464 1506 513 1537 sese
530 1498 609 1537 contra
624 1489 726 1536 imbelles

60 1557 123 1615 regis
134 1555 208 1616 copias
218 1556 342 1610 tutabatur3
359 1557 431 1602 donec
438 1555 475 1602 Μ.
481 1554 614 1610 Trebellius,
626 1556 723 1618 legatur,

59 1636 75 1666 a
88 1617 188 1677 Vitellio,
205 1621 300 1681 praeside
312 1619 393 1684 Syriae,
408 1636 460 1667 cum
472 1628 567 1680 quatuor
581 1621 679 1671 millibus
689 1620 724 1666 le·

59 1685 214 1747 giouariorum
230 1692 253 1732 et
268 1685 360 1731 delectis
372 1685 460 1731 auxiliis
472 1687 562 1740 missus,
576 1686 632 1734 duos
645 1687 723 1743 colles,

61 1765 120 1811 quos
126 1750 211 1795 barbari
222 1750 349 1796 insederant
361 1750 453 1812 (minori
467 1748 547 1808 Cadra,
557 1752 620 1798 alteri
632 1751 726 1799 Davara

62 1829 147 1861 noman
156 1813 201 1874 est)
212 1816 314 1874 operibus
321 1815 404 1861 circum
412 1815 472 1861 dedit
480 1831 488 1871 ;
505 1822 527 1861 et
536 1831 653 1877 emmpere
658 1832 726 1864 ausos

61 1879 132 1935 ferro,
150 1886 243 1925 caeteros
255 1880 298 1934 siti,
315 1880 342 1924 ad
354 1880 488 1927 deditionem
504 1881 590 1943 coegit>
618 1881 653 1927 At
663 1880 725 1927 'liri-

61 1945 134 2000 dates,
154 1943 280 1990 volentibus
300 1943 398 2002 Parthis,
416 1943 576 2006 Nicephorium
587 1938 618 1992 'et
635 1946 725 1992 Anthe-

61 2007 172 2064 musiada,
189 2015 325 2069 caeterasque
341 2009 415 2066 urbes,
431 2024 483 2069 quaa
498 2009 660 2057 Macedonibus
676 2011 726 2057 sitae

63 2073 149 2120 Graeca
159 2073 266 2120 vocabula
276 2081 392 2135 usurpant,
405 2073 538 2133 Halumque
545 2081 569 2120 et
575 2075 725 2131 Artemitam,

61 2137 171 2185 Parthica
181 2139 268 2198 oppida,
281 2140 371 2200 recepit,
383 2140 518 2185 certantibus
529 2140 619 2199 gaudio,
631 2140 670 2198 qui
679 2138 726 2185 Au·

62 2203 177 2258 tabanum,
196 2203 291 2262 Scythas
302 2204 361 2250 inter
371 2205 483 2258 eductum,
499 2205 528 2249 ob
538 2204 647 2250 aaevitiam
660 2219 727 2250 exse·

62 2267 208 2376 cratripbppma
223 2266 330 2314 Tiridatis
341 2270 465 2330 ingenium,
482 2267 599 2315 Romanas
610 2284 650 2331 per
660 2272 726 2325 artes,

96 2393 181 2440 XLII.
197 2395 323 2444 Plurimum
334 2398 466 2445 adulationis
476 2397 622 2445 Seleucenses
627 2395 728 2452 induite,

61 2461 143 2507 civitas
153 2468 240 2521 potens,
259 2470 321 2524 septa
335 2464 412 2513 muris.
429 2478 501 2523 neque
515 2464 538 2509 in
549 2464 665 2510 barbarum
677 2477 728 2509 cor·

63 2531 140 2585 rupta,
163 2527 202 2572 aad
224 2527 345 2573 conditoris
365 2527 459 2574 Seleuci·
476 2528 583 2575 retinens.
612 2527 737 2578 Trecenti,

64 2591 144 2649 opibus
158 2597 197 2636 aut
208 2591 320 2654 sapientia
330 2593 425 2654 delecti,
440 2601 468 2642 ut
478 2600 591 2642 sanatus.
609 2605 656 2636 aua
661 2586 756 2655 popu&

57 2654 106 2698 ris:
127 2659 261 2715 et'quoties
271 2661 403 2710 concordes
416 2667 506 2726 agunt,
518 2649 782 2721 minitatum&

45 2715 235 2781 utiur'ssenssre
249 2725 310 2776 dum
322 2729 373 2778 sibi
381 2730 592 2794 quisqnecoutra
597 2713 732 2768 ammosa
786 2715 809 2797 .“Ι
