1680 2910
81 136 114 182 58
162 129 356 181 ANNALIUM
371 127 472 179 Lrnll.
483 127 594 180 Cur-28.
630 131 692 172 U:c·
700 127 746 178 ¹169·

83 267 150 316 esset,
161 262 256 309 internis
264 260 381 308 discordiis
391 260 494 321 relinqui.
526 259 636 306 Precsnte
648 258 745 306 Germa·

83 327 135 374 nico
146 341 229 374 annum
240 325 362 374 efficiendis
372 327 458 387 coeptis,
470 325 543 372 scrius
554 323 686 372 modestiam
697 323 747 386 ejus

83 392 221 454 aggreditur,
232 392 327 438 alterum
338 391 477 439 consulatum
486 389 608 447 offerendo,
619 390 684 451 cnjus
694 402 745 433 mu·

83 456 121 502 nia
129 471 228 518 praeseus
238 457 324 503 obiret:
343 456 410 502 slmul
419 456 557 509 annectebat,
574 455 593 501 si
604 453 663 500 foret
674 453 746 499 adhuc

82 520 216 576 bellandum,
228 521 362 582 relinqueret
372 521 486 567 materiem
496 518 569 566 Drusi
576 519 650 565 fratris
658 517 745 579 glorie,

82 585 127 646 qui,
145 586 271 633 nullodum
286 586 329 632 alio
340 585 411 640 hoste,
428 600 474 631 non
485 585 528 630 nisi
542 583 600 645 apud
612 582 746 631 Germanias

79 651 172 710 'assequi
188 664 271 697 nomen
287 650 459 712 imperantium,
476 655 500 696 et
515 649 632 709 deportare
646 647 745 693 laureum

83 723 166 776 posset
192 713 262 762 Haud
270 713 496 761 cunctatusestultrs
504 713 745 772 Gennanicusquum-

83 795 151 840 quam
161 778 217 841 fingi
227 794 260 834 oa,
277 794 345 840 seque
358 794 399 842 per
411 777 517 826 invidiam
531 785 595 840 parto
605 777 654 840 jam
671 775 747 823 decori

83 845 180 892 abstrahi
191 844 334 906 intelligeret.

117 906 229 955 XXVII.
246 909 292 956 Sub
303 909 361 955 idem
370 913 458 968 tempus
465 921 479 953 e
485 903 570 954 familid
579 905 745 952 Scriboniorum

84 971 143 1021 Libo
154 972 246 1020 Drusus
256 972 355 1020 defertur
364 971 438 1019 moliri
448 987 484 1019 res
494 986 572 1018 novas.
597 968 655 1032 Ejus
661 969 747 1031 negotii

84 1039 180 1092 initium,
191 1039 299 1093 ordinem,
310 1037 378 1085 linem
389 1037 486 1084 curatius
496 1037 603 1083 disseram
612 1052 619 1092 ;
637 1034 690 1094 quia
697 1041 746 1080 tum

83 1105 182 1164 primum
196 1111 284 1164 reperte
300 1110 359 1158 sunt,
377 1117 428 1162 quae
445 1117 484 1162 per
503 1108 537 1148 tot
551 1115 621 1148 annos
637 1097 747 1160 rempubl.

84 1165 188 1215 exedere.
218 1167 317 1215 Firmius
336 1166 413 1221 Cetus,
432 1174 528 1220 senator,
543 1181 573 1212 ex
583 1162 664 1211 intimi
675 1161 745 1209 Libo·

84 1227 745 1295 nismnIcitibjurenemimprovidumetfncilemiuanibus,
769 1270 772 1274 .

84 1297 113 1344 sd
125 1296 283 1346 Cbsldaeorum
298 1298 414 1359 promissa,
430 1310 547 1357 magorum
560 1309 628 1350 sacra,
644 1293 745 1341 sumntu-

84 1377 135 1408 rum
147 1363 214 1409 etiam
224 1363 356 1424 interpretes
369 1360 470 1422 impulit:
489 1360 543 1406 dum
554 1373 663 1423 proavum
674 1356 746 1405 Pom·

84 1428 166 1487 peium,
184 1427 275 1474 amitam
292 1426 436 1480 Scriboniam,
453 1439 506 1485 quse
519 1425 631 1486 quondum
647 1422 749 1485 Augusti

85 1493 169 1553 conjux
178 1490 258 1546 fuerat,
269 1493 414 1539 consobrinos
426 1487 536 1545 Caesares,
547 1489 635 1552 plenum
642 1487 748 1550 imagini·

84 1555 127 1602 bus
140 1556 231 1603 domurn
246 1562 357 1604 ostentet:
376 1556 521 1615 hortaturque
538 1555 567 1601 ad
580 1555 659 1601 luxum
673 1559 697 1598 et
715 1566 748 1600 aes

85 1619 189 1675 alienum,
201 1622 276 1668 socius
286 1621 401 1667 libidinum
412 1627 435 1668 et
446 1619 612 1675 necessitatum,
620 1633 665 1679 quo
676 1617 747 1680 pluri·

84 1684 126 1731 bus
137 1685 225 1732 indiciis
235 1685 338 1747 illigaret.

118 1747 245 1796 XXVIII.
261 1749 296 1796 Ut
310 1750 364 1798 satis
379 1750 477 1805 testium,
494 1755 524 1803 et,
541 1748 579 1808 qui
595 1747 654 1796 servi
668 1746 747 1794 eedem

86 1821 211 1868 noscerent,
223 1815 310 1876 reperit,
322 1815 406 1862 aditum
417 1815 446 1861 ad
456 1814 578 1877 principem
589 1811 694 1875 postulat,
706 1811 746 1858 de·

84 1886 209 1925 monstrato
220 1881 313 1926 crimine
323 1887 347 1927 et
357 1895 402 1934 reo,
411 1895 452 1941 per
463 1878 571 1926 Flaccum
581 1877 746 1931 Vescularium,

84 1944 182 2003 equitem
197 1943 334 1999 Romanurn,
352 1945 388 1991 cui
406 1945 496 2006 propior
512 1958 563 1990 cum
583 1941 674 1989 Tiberio
694 1954 748 1989 usus

84 2014 139 2056 snat.
172 2007 251 2057 Caesar
260 2009 366 2056 indicium
377 2010 436 2055 baud
447 2009 598 2070 adspernatus,
613 2021 749 2069 congressus

85 2073 174 2119 abnuit:
193 2089 259 2135 posse
270 2075 337 2129 enirn,
352 2073 431 2120 eodem
444 2073 527 2120 Flacco
537 2072 682 2126 intemuntio‚
699 2086 747 2118 ser·

85 2152 165 2184 mones
183 2153 316 2186 commeare.
347 2137 426 2198 Atque
443 2138 532 2185 interim
552 2137 663 2184 Libonem
683 2142 748 2183 ornat

85 2201 190 2263 praeturb„
210 2204 349 2250 convictibus
368 2204 463 2257 adhibet
482 2218 528 2249 non
547 2203 611 2249 vultu
630 2201 746 2255 alienatus,

85 2281 132 2312 non
144 2268 217 2313 verbis
225 2270 357 2315 commotior
367 2269 434 2330 (adeo
442 2270 496 2314 iram
506 2265 660 2327 condiderat);
677 2281 746 2312 cunc·

85 2336 151 2390 taque
162 2332 211 2393 ejus
222 2333 281 2379 dicta
290 2332 399 2394 factaque,
411 2348 462 2380 cum
473 2334 589 2394 prohibere
596 2338 679 2393 posset,
691 2331 749 2376 scire

86 2396 198 2452 malebat3
215 2397 286 2444 donec
297 2397 379 2446 ‚Iunius
390 2399 485 2458 quidam¹
498 2404 604 2451 tentatus,
616 2403 641 2442 ut
649 2394 748 2441 infernas

85 2461 175 2506 umbras
192 2463 326 2509 carminibus
340 2464 435 2516 eliceret,
452 2463 481 2509 nd
494 2461 621 2509 FulcinIum
638 2460 748 2506 Trionem

81 2524 190 2570 indicium
202 2527 288 2574 detulit.
323 2526 418 2577 Celebre
432 2527 491 2573 inter
504 2533 645 2574 accusatores
656 2525 749 2571 Trionis

70 2587 193 2662 ingenium
205 2602 263 2647 erut
274 2595 418 2658 avidumque
425 2592 497 2640 lamae
503 2591 580 2637 mules.
609 2590 695 2633 Statim
704 2603 755 2632 cor-

14 2650 44 2744 ι
55 2651 116 2712 ’ῘΡΠ
127 2671 195 2706 reum
204 2678 216 2719 ‚·
235 2662 286 2711 adit
294 2663 430 2721 consule-‘13
445 2657 543 2710 moetus
551 2653 771 2713 cognitronexnpos-
