1680 2910
65 135 112 183 158
145 128 339 187 lunanum
355 126 584 189 Inmensae.
614 132 737 183 mum

64 264 225 318 sddubitatum‚
240 262 301 323 quod
317 259 488 318 Ηιὶίειηιιιιὶἰ,
503 260 566 309 mille
581 268 606 309 et
624 262 739 313 moestos

66 344 107 392 per
117 343 196 385 sonos,
213 327 277 377 nullo
290 334 354 373 motu
370 334 437 373 tertre
453 327 577 373 mutavisse
593 328 661 375 sedes
676 344 737 385 suns,

65 394 165 455 viroque
179 393 203 441 iu
219 407 274 439 saro
289 391 435 447 fundamenti
450 391 529 454 templi
544 402 740 449 asseveraverunt.

67 457 224 519 Pergsmenos
239 458 279 521 (eo
293 458 342 519 ipw
357 455 496 517 nitebantur)
512 450 569 511 ede,
587 458 698 521 Augusto
708 458 739 509 ibi

67 521 119 578 stt.
129 523 183 571 satis
194 523 289 583 adeptos
300 521 417 569 creditum.
449 521 544 584 Ephesii
556 520 699 584 Milesiique,
715 524 740 579 bi

67 587 189 651 Apollinis,
200 588 232 635 illi
241 586 326 637 Disnae
333 583 463 633 cerimonld
474 588 622 649 occupavisse
632 589 738 641 civitstes

66 653 118 701 visi.
151 650 188 703 Its
199 652 319 703 Ssrdisnos
328 652 388 697 inter
400 652 576 713 Smyrnseosque
583 652 741 705 deliberetum.

69 717 171 767 Sardiani
182 718 297 765 decretum
308 715 408 763 Etruriae
419 714 548 771 reoitsvbe
559 724 586 765 ut
596 719 738 781 consequi·

68 784 124 831 nei:
142 798 193 830 nsm
205 782 350 843 Tyrrhenum
361 779 505 843 Lydumque,
522 782 585 843 Atye
599 798 655 845 rege
670 783 740 845 geni·

69 856 113 903 tos,
130 848 159 895 ob
170 847 335 897 multitudinem
346 845 450 895 divisisse
463 854 571 909 gentem:
592 846 687 909 Lydum
697 862 740 911 ps·

69 913 111 961 tris
128 912 152 960 iu
166 914 233 961 terris
247 912 367 968 resedisse3
384 911 505 973 Tyrrheno
521 912 607 966 deturm
623 927 697 961 novat
712 920 740 963 ut

70 977 176 1025 conderet
188 978 266 1024 sedes:
286 984 310 1022 et
324 977 406 1023 dueum
422 992 435 1022 e
448 977 576 1024 nominibus
587 977 660 1027 indita
669 992 741 1033 νοω,

70 1044 128 1095 buis,
140 1044 184 1091 iliis
194 1058 234 1105 per
245 1041 332 1096 Asiam
343 1042 413 1090 bisin
425 1038 503 1089 Italid:
522 1048 658 1103 suetsmque
665 1042 740 1089 sdbue

71 1107 189 1169 Lydorum
198 1107 341 1169 opulentiam,
351 1107 427 1154 missis
437 1108 461 1155 in
473 1106 587 1154 Graeeisrn
595 1107 692 1170 populis,
703 1107 745 1161 eui

71 1189 127 1223 mox
138 1189 151 1221 a
164 1173 249 1234 Pelope
257 1187 354 1219 nomen:
373 1172 441 1219 simul
448 1172 525 1219 literss
534 1172 705 1233 imperotorum,
716 1178 741 1221 et

71 1240 116 1286 iots
126 1239 242 1287 nobiseum
252 1234 338 1287 sedem
352 1237 411 1284 bello
422 1236 585 1294 Msoedonum,
602 1238 744 1285 ubertstem·

72 1319 116 1364 que
127 1302 245 1351 fluminum
256 1317 355 1355 suorum,
372 1303 504 1365 temperiem
514 1302 574 1359 eoeli,
586 1317 614 1349 ss·
624 1302 684 1359 dites
694 1303 741 1351 oir-

74 1384 126 1417 oum
138 1376 207 1414 terras
218 1368 379 1415 memoremus

106 1431 174 1479 LVI.
190 1432 224 1479 At
235 1430 355 1491 Smyrnaei,
367 1429 460 1491 repetiti
470 1437 589 1487 vetustate,
600 1446 641 1479 seu
652 1430 744 1481 Tarus.

73 1498 116 1552 lus,
132 1496 193 1546 Jove
208 1504 277 1551 ortus,
294 1496 351 1549 illos,
369 1497 417 1543 sive
432 1495 542 1551 Theseus,
560 1494 637 1543 divini
651 1506 675 1545 et
692 1498 700 1544 i

72 1565 147 1625 stirpe,
154 1563 201 1609 sire
209 1576 253 1608 una
262 1560 408 1611 Amazonum
415 1561 563 1618 condidisset,
580 1562 745 1621 transoeoderp

74 1627 103 1681 sd
114 1642 147 1681 es,
165 1624 217 1686 quis
226 1627 324 1677 maxime
337 1625 435 1673 lidebant
450 1627 474 1672 in
489 1626 597 1688 populum
608 1625 745 1681 Romanum

75 1691 161 1743 officiis,
179 1690 249 1737 missis
267 1691 341 1739 usuali
359 1688 430 1753 cupid,
451 1706 497 1738 non
514 1692 582 1738 modo
601 1698 695 1741 extersa
712 1692 746 1743 td

73 1756 138 1809 bella.
155 1756 195 1802 sed
208 1770 260 1814 quae
276 1756 300 1803 in
316 1753 383 1803 ltalii
392 1756 557 1804 tolersbanturt
576 1770 646 1818 seque
656 1758 747 1819 primos

75 1819 184 1881 templum
195 1820 256 1867 urbis
271 1820 355 1869 Romae
367 1821 480 1876 statuisse,
497 1821 533 1871 M.
543 1820 626 1869 Porcio
639 1823 743 1881 consuls,

76 1885 166 1947 mugnis
182 1884 271 1946 quidem
282 1887 332 1948 jam
348 1886 424 1948 populi
440 1886 540 1935 Romani
551 1886 623 1941 rebus,
640 1888 747 1941 nondum

76 1958 152 1998 tamen
164 1950 192 1996 ad
204 1965 316 1997 summum
328 1951 398 2005 elatis,
412 1957 486 1998 stante
496 1952 568 1997 sdhuc
580 1950 670 1998 Punici
680 1954 747 2013 urbs,

75 2022 100 2063 et
110 2016 190 2064 validis
205 2031 247 2077 per
257 2017 336 2067 Asiam
348 2016 444 2077 regibus.
476 2016 550 2063 Simul
560 2014 590 2062 1.
597 2016 685 2067 Sullam
696 2024 743 2065 tes-

75 2088 124 2129 tem
141 2079 268 2135 afferebant,
288 2081 422 2142 grevissimo
438 2080 462 2128 in
477 2081 606 2128 discrimine
622 2082 746 2139 exercitos,

77 2147 106 2192 ob
123 2147 266 2207 asperitatem
281 2146 368 2199 hiemis,
387 2153 411 2197 et
427 2146 542 2207 penuriam
557 2146 634 2203 vestis,
652 2163 705 2197 cum
721 2148 749 2197 id

77 2210 199 2271 Smyrnam
209 2211 233 2257 in
245 2211 376 2258 concionem
387 2212 514 2259 nuntiatum
525 2210 591 2269 soret,
606 2227 693 2268 omnes,
705 2214 744 2275 qui

76 2275 200 2329 sdstabsnt,
222 2275 356 2325 detraxisses
378 2277 466 2336 corpori
487 2277 595 2339 tegmina,
617 2279 748 2340 nostrisque

75 2338 203 2399 legionibus
224 2341 320 2387 misisse.
351 2338 388 2387 lta
409 2342 483 2403 rogsti
503 2342 640 2395 sententiam
662 2350 748 2404 patrea,

79 2403 212 2464 Smyrnmos
231 2403 364 2464 praetuldre:
390 2407 521 2466 censuitque
540 2404 622 2452 Vibius
644 2407 748 2467 Marsus,

80 2478 106 2515 ut
117 2468 153 2515 Μ.
164 2467 258 2529 Lepido,
271 2471 308 2517 cui
319 2485 346 2521 es
355 2471 471 2531 provincis
481 2473 608 2527 obvenerat,
624 2487 692 2535 super
704 2490 747 2527 nu·

79 2548 166 2581 merum
175 2533 294 2595 legaretur,
301 2535 338 2595 qui
347 2535 423 2597 templi
430 2551 505 2583 euram
512 2537 649 2598 susciperet:
663 2539 752 2600 etquis

75 2597 179 2663 lepidus
190 2600 239 2664 ipse
249 2599 356 2664 deligere,
365 2616 407 2663 per
417 2602 561 2655 modestiam,
569 2602 691 2656 sbnuebat,
697 2604 749 2657 Vs.-

64 2666 140 2718 laerius
151 2666 228 2728 Naso,
241 2685 256 2719 e
267 2668 393 2734 pretoriis
403 2674 470 2717 sorte
478 2665 618 2715 mussat.
