1680 2910
65 133 97 178 so
157 89 478 173 murmurarunt.
483 98 551 174 'cre
560 122 597 173 ro.
617 127 644 166 υ.
654 128 733 174 cos.

65 258 127 305 exitii
147 255 296 318 promittebat.
331 253 366 301 Ut
384 229 477 301 recretis
498 248 617 323 Auguste
630 256 736 317 precibus

66 323 156 369 veniam
167 321 270 376 obtinuit,
281 319 387 381 paulatim
393 317 624 385 segregariamarito,
634 322 735 367 dividere

68 386 221 441 defensionem
232 386 314 446 eoepit:
333 383 394 444 quod
408 399 460 430 reus
471 394 588 446 postquam
600 386 641 432 sibi
652 386 734 432 exitia·

67 452 111 500 bile
122 451 236 512 intelligit,
248 465 276 496 ιιι
287 449 359 495 adhuc
370 450 509 510 experiretur
519 451 628 505 dubitans,
640 451 735 497 hortun·

68 518 128 563 tibus
139 514 197 570 filiis,
208 516 274 561 durrat
283 521 388 568 mentem,
401 523 548 575 senatumque
558 530 647 561 rursum
656 516 735 577 ingre·

71 582 145 632 diturr,
160 580 379 640 redintegratamque
393 580 567 634 accusationem,
583 579 683 627 infensas
693 595 735 641 pa·

70 654 131 693 trum
142 661 216 700 voces,
228 644 322 690 adversa
335 651 358 690 et
369 658 430 690 σενι
440 653 522 691 cuncte
531 659 657 706 perpessus,
673 645 736 692 nullo

71 711 146 772 magis
156 711 276 758 exterritus
286 715 328 763 est,
339 723 405 769 quarn
415 709 477 768 quod
484 707 599 756 Tiberium
608 710 656 757 sine
668 711 736 757 mise·

72 777 165 830 ratione,
178 776 226 822 sine
233 772 274 830 iri,
283 775 419 820 obstinatum
426 774 572 834 clausumque
579 774 642 829 vidit,
655 790 736 836 nequo

73 840 154 889 affectu
173 848 359 902 perrumperetur.
392 837 487 885 Relatus
504 839 603 894 domum,
623 847 738 901 tamquam

73 906 226 953 defensionem
245 905 269 950 in
287 912 400 965 posterum
420 904 570 959 meditaretur,
592 919 664 965 pauca
684 920 740 951 con·

75 971 151 1018 scribit
168 971 324 1031 obsignatque,
346 976 369 1014 et
387 968 466 1014 liberto
485 969 560 1015 tradit
592 967 653 1014 Tum
674 969 741 1016 solita

75 1036 175 1082 curando
186 1034 273 1114 corpori
284 1035 427 1093 exsequitur.
446 1033 504 1088 dein,
515 1034 609 1080 multum
617 1041 678 1112 port
684 1050 740 1081 noc·

77 1102 132 1156 tem,
149 1114 240 1162 egressa
228 1098 351 1145 cubiculo
363 1113 440 1152 uxore,
454 1099 536 1159 operin
529 1098 622 1145 'fores'
611 1094 697 1161 puerit:
718 1105 743 1145 et

77 1163 152 1228 coeptd
161 1165 219 1219 luce,
230 1162 331 1226 perfosso
336 1164 445 1226 jugulo,'
435 1172 527 1226 jacente
537 1164 599 1210 humi
610 1164 742 1225 gladione·
745 1176 749 1187 ¹

80 1240 157 1293 pertus
168 1238 210 1277 est.
462 1282 465 1287 ¹

113 1294 184 1342 XVI.
201 1293 288 1340 Audire
307 1308 344 1340 me
361 1293 452 1340 memini
471 1309 500 1341 ex
522 1295 651 1350 senioribus,
667 1295 743 1342 visum

81 1362 163 1422 saepius
175 1352 324 1407 intermunus
337 1357 427 1405 Pisonis
443 1358 548 1414 libellum,
560 1374 626 1420 quem
637 1360 686 1421 ipre
697 1365 743 1408 n‘on

81 1425 223 1487 vulgaverit3
241 1423 280 1470 sed
295 1424 380 1469 amicos
394 1424 442 1485 ejus
458 1425 601 1479 dictitovisse,
613 1425 690 1472 literas
700 1424 742 1471 Tr-

83 1491 137 1537 berii
149 1498 171 1536 et
183 1489 287 1536 mandata
306 1489 329 1534 iu
346 1488 507 1535 Germanicum
519 1491 647 1536 continere:
666 1505 694 1536 ae
705 1491 745 1536 de·

83 1556 189 1604 stinatum
201 1568 304 1616 promere
315 1553 374 1614 apud
381 1562 461 1614 patres,
469 1555 637 1615 principemque
644 1570 746 1616 arguere,

84 1621 107 1667 rri
127 1620 203 1666 elusus
221 1635 235 1665 a
254 1619 335 1680 Sejano
350 1633 390 1679 per
408 1633 467 1664 varra
485 1620 595 1680 promisso
612 1618 685 1666 soret:
705 1635 748 1668 nec

85 1684 149 1730 illum
161 1694 241 1745 sponte
252 1684 396 1737 exstinctum,
407 1699 485 1730 verum
494 1685 594 1730 immisso
601 1686 745 1746 percussore:

86 1764 182 1810 quorum
201 1758 305 1794 neutrum
320 1749 509 1795 asseveraverim.
529 1764 601 1809 neque
617 1757 694 1797 tamen
709 1765 749 1797 oc·

87 1814 162 1861 culere
173 1813 237 1860 debui
249 1821 362 1861 narratum
373 1814 427 1859 ab
413 1828 449 1869 ns,
466 1814 504 1873 qui
515 1821 615 1860 noctram
626 1815 675 1860 ad
664 1830 750 1876 Juven-

87 1887 133 1926 tam
150 1878 294 1925 duraverunt.
327 1875 412 1932 Caesar,
433 1848 516 1924 ilexo'
511 1894 534 1924 m
554 1880 685 1926 moestitiam
704 1897 751 1937 ore,

87 1959 151 1991 suum
160 1943 266 1995 insidiam
272 1943 311 1990 tali
318 1953 391 1988 morte
401 1944 518 2003 quaesitam
529 1944 588 2003 apud
599 1946 727 1998 senatum..
719 1947 751 1977 θ’

88 2011 215 2070 crebrisque
229 2008 441 2069 interrogationibus
458 2008 562 2067 exquirit,
584 2006 680 2069 qualem
698 2009 754 2058 Piso

90 2075 150 2121 diem
166 2089 294 2150 supremum
311 2080 445 2132 noctemque
461 2073 583 2133 exegisset.
621 2073 703 2139 Atque
713 2076 753 2122 illo

89 2140 195 2201 pleraque
202 2140 323 2200 sapienter,
332 2137 590 2197 quaeduminconsultius
598 2135 755 2200 respondente,

91 2205 170 2250 recitat
187 2203 307 2256 codicillos,
324 2217 337 2248 a
357 2201 464 2248 Pisone'
459 2217 482 2246 ιιι
499 2202 559 2248 hunc
575 2203 646 2250 ferme
662 2205 755 2251 modum

90 2269 268 2329 compositos.‘
271 2265 473 2328 ‘Consplratione
468 2267 616 2322 inimicorum,
634 2277 657 2314 et
671 2270 758 2318 invidit

91 2333 141 2379 fulsi
159 2332 257 2378 criminis
276 2347 401 2393 oppressus,
418 2331 528 2392 quitenus
546 2334 633 2379 veritati
649 2340 673 2380 et
689 2335 756 2381 inno·

92 2397 174 2443 centiae
189 2412 246 2442 mene
268 2411 377 2456 nusquam
399 2397 462 2442 locus
479 2395 603 2451 est-Deos
619 2399 759 2446 immortales

93 2470 171 2515 testor,
191 2462 275 2507 vixisse
294 2476 338 2517 me,
354 2459 440 2516 Caesar,
461 2463 512 2506 cum
529 2461 574 2507 fide
590 2462 711 2530 adversum
727 2472 757 2519 te,

92 2542 167 2588 neque
186 2525 246 2574 alit'
241 2541 263 2572 ιιι
275 2534 369 2572 matrem
384 2534 445 2572 tuum
457 2528 552 2588 pietate.
574 2543 660 2587 vosque
671 2544 718 2584 oro,
721 2530 759 2576 li·

81 2593 144 2639 berrs
153 2593 215 2642 meis
225 2593 375 2652 consulatis3
384 2609 415 2642 ex
426 2593 509 2655 quibus
520 2588 566 2639 Cn.
568 2590 627 2637 eno
640 2592 767 2655 qualicum-

67 2671 119 2719 que
126 2657 235 2713 mnunae
247 2678 310 2714 mere
322 2677 375 2714 non
386 2670 426 2714 est
437 2660 581 2726 adjunctus,
588 2669 644 2703 cum
653 2666 726 2703 omne
733 2654 785 2700 troo
