1680 2910
72 129 119 174 isa
160 118 353 173 ANNALIUM
369 117 577 170 LrnIV.Cnn8.
619 123 739 175 mensos

69 257 137 303 vitia:
156 255 222 301 intra.
231 267 316 315 paucos
333 251 424 298 bbertos
441 251 535 298 domnus
555 266 588 304 ac.
606 253 625 300 si
645 255 737 316 qnando

69 336 122 369 cum
133 320 226 382 privatis
233 317 374 378 disceptaret,
384 315 459 366 torum
467 317 543 379 etjus.
576 316 637 372 Qnae
647 331 738 376 nuncu,

71 400 117 432 non
129 384 219 446 quidem
230 382 289 429 comi
300 379 343 436 vit,
355 381 395 427 sed
406 380 508 428 horridus
514 396 541 428 sc
549 382 681 444 plerumque
688 384 736 433 t‘or·

71 451 175 504 midatus,
194 448 303 495 retinebat
314 455 395 501 tamen,
410 446 482 493 donec
492 454 567 493 morte
577 444 650 494 Drusi
661 457 737 498 verte·

71 522 149 560 rentur
156 531 171 560 ι·
182 528 241 569 nam,
251 513 305 559 dum
315 511 431 574 superfuit,
442 509 559 569 mansire3
571 513 624 572 quis
635 513 738 576 διήκουε,

72 580 193 640 incipiente
212 579 284 626 adbuc
300 576 409 638 potentii,
427 577 491 623 bonis
510 577 610 624 consiliis
621 586 740 627 notescere

72 645 174 701 volebat3
192 651 215 690 et
231 643 291 690 ultor
301 642 448 697 metuebatur,
463 656 509 688 non
530 642 631 690 occuitus
646 643 697 698 odii,
716 654 740 692 et

72 710 151 756 erebro
172 723 275 770 querens,
298 706 406 753 incolumi
427 706 480 761 filio,
509 707 633 770 adjutorem
652 709 740 770 imperii

73 775 141 822 olium
153 776 241 821 vocari:
256 781 279 818 et
287 779 396 833 quantum
407 786 529 834 superesse,
542 780 567 818 ut
577 773 667 834 collega
677 774 739 822 dica·

73 840 128 887 turi
146 838 234 885 Primns
248 837 378 884 dominandi
395 852 446 899 spes
460 837 484 883 in
497 836 580 884 arduos
600 837 637 884 ubi
655 838 687 885 sis
703 840 739 886 in·

74 920 172 968 gressus,
187 904 265 950 adesse
281 902 356 949 studia
371 909 394 948 et
410 902 538 948 ministrosz
557 909 672 950 exstructa
682 905 739 966 Jam,

76 977 156 1032 sponte
172 966 280 1029 praefecti,
298 975 381 1014 castra:
406 967 470 1013 datos
488 968 511 1012 in
531 982 622 1013 manum
639 968 737 1016 milites:

74 1035 137 1081 cerni
147 1033 245 1094 effigiem
252 1034 300 1096 ejus
306 1033 329 1078 in
338 1031 483 1078 monimentis
492 1029 536 1079 Cn.
546 1030 661 1094 Pompeii:
676 1049 742 1082 eom·

74 1113 155 1146 munes
166 1098 197 1144 ilii
208 1113 260 1144 cum
270 1095 355 1144 familis
365 1096 494 1143 Drusorum
504 1096 554 1142 fore
561 1103 668 1158 nepotes:
688 1113 740 1160 pre-

76 1165 170 1210 candam
188 1170 239 1226 post
256 1162 305 1208 baec
322 1162 462 1216 modestiam,
485 1170 511 1208 ut
530 1168 652 1208 contentus
673 1171 741 1210 esset.

76 1229 159 1290 Neque
167 1243 224 1282 raro,
236 1242 309 1288 neque
319 1227 378 1287 apud
388 1241 472 1288 paucos
482 1225 650 1288 talisJ'aciebnt:
670 1234 694 1275 et
705 1243 740 1276 se-

76 1302 138 1341 creta
148 1307 237 1354 quoque
248 1293 303 1353 ejus,
315 1290 420 1353 corrupti
430 1305 507 1346 uxore,
518 1291 675 1351 prodebantur.

109 1356 182 1404 VIII.
200 1355 275 1419 Igitur
293 1356 394 1417 SeJ'auus,
410 1357 566 1403 maturandum
578 1366 647 1410 ratus,
662 1357 742 1420 deligit

76 1437 196 1476 venenum,
213 1437 258 1482 quo
272 1421 377 1482 paulatim
394 1421 512 1482 irrepente,
529 1419 636 1467 fortuitus
650 1423 742 1470 morbus

77 1487 256 1535 assimularetur:
276 1487 298 1532 id
310 1485 389 1535 Druso
400 1487 475 1532 datum
489 1500 529 1547 per
540 1483 649 1548 Lygdum
660 1487 741 1549 spado·

78 1568 136 1606 nem,
158 1561 183 1597 ut
198 1558 250 1598 octo
265 1558 317 1612 post
333 1566 405 1597 annos
421 1552 537 1612 cognitum
548 1557 590 1597 est.
624 1548 741 1598 Caeterum

78 1617 188 1670 Tiberius,
200 1632 240 1677 per
251 1630 329 1662 omnes
341 1616 473 1662 valetudinis
484 1616 532 1677 ejus
540 1615 593 1668 dies,
602 1616 664 1663 nullo
672 1625 742 1671 metu,

78 1698 107 1729 an
119 1689 144 1728 ut
154 1680 314 1726 firmitudinem
325 1681 394 1726 animi
405 1688 534 1733 ostentnret,
548 1680 616 1726 etiam
627 1680 742 1736 defuncto,

79 1747 175 1794 necdum
186 1745 280 1807 sepulto,
297 1746 381 1792 curiam
393 1746 508 1807 ingressus
519 1751 567 1791 est:
587 1746 742 1807 consulesque,

79 1813 133 1858 sede
143 1810 231 1872 vulgari
242 1826 282 1871 per
294 1811 391 1871 speciem
402 1810 517 1856 moestitiae
528 1809 638 1864 sedentes,
650 1812 744 1859 bononis

78 1877 167 1936 locique
183 1876 313 1932 admonuit;
331 1884 354 1922 et
365 1874 459 1921 effusum
475 1875 499 1919 in
510 1873 622 1935 iacrymas
632 1884 742 1932 senatum,

78 1943 140 1989 victo
152 1942 247 2003 gemitu,
265 1940 332 1986 simul
342 1941 443 1986 oratione
458 1937 565 1985 continui
575 1941 654 1986 erexit.
688 1940 745 1988 Non

80 2007 169 2067 quidem
180 2006 221 2052 sibi
233 2007 344 2066 ignarum,
361 2019 428 2067 posse
442 2004 514 2065 argui,
530 2004 591 2064 quod
601 2012 648 2050 tam
659 2006 746 2054 recenti

80 2072 163 2118 dolore‘
176 2071 267 2116 subierit
286 2070 364 2115 oculos
386 2067 492 2115 senatis:
511 2069 551 2114 vix
568 2069 745 2130 propinquorum

80 2137 177 2197 alloquia
187 2135 284 2189 tolerari,
302 2136 340 2180 vix
351 2133 410 2178 diem
422 2133 505 2194 adspici
516 2147 529 2179 a
539 2133 651 2195 plerisque
662 2134 744 2197 lugen-

79 2202 150 2249 tium:
181 2215 254 2260 neque
280 2199 330 2244 illos
358 2198 516 2244 imbecillitatis
537 2198 689 2246 damnandos:
721 2216 747 2248 se

80 2274 156 2312 tamen
173 2264 265 2310 fortiora
278 2263 356 2309 solatia
367 2278 380 2310 e
392 2263 510 2323 complexu
526 2263 618 2323 reipubl.
633 2265 747 2325 petivisse.

81 2330 249 2388 Miseratusque
265 2329 378 2388 Augustae
393 2336 516 2373 extremam
532 2335 653 2383 senectam,
669 2330 747 2377 rudem

80 2396 153 2441 adhuc
164 2400 272 2454 nepotum
283 2401 306 2437 et
314 2401 446 2454 vergentem
460 2399 549 2439 aetatem
561 2408 631 2446 snam,
647 2399 674 2439 ut
686 2395 747 2442 Ger-

81 2457 164 2505 manici
177 2457 246 2511 liberi,
261 2458 327 2503 unica
336 2458 480 2519 praesentium
492 2459 601 2504 malorum
614 2459 747 2514 levamenta,

82 2525 247 2576 inducerentur,
256 2522 343 2583 petivit.
360 2522 454 2584 Egressi
463 2523 573 2576 consules,
582 2522 682 2569 firmatos
691 2524 748 2570 allo·

74 2591 130 2652 qu1'o
141 2587 329 2639 adolescentulos
346 2588 502 2648 deductosque
511 2595 565 2634 ante
574 2585 693 2633 Cassiam
704 2595 753 2631 atn-

66 2665 146 2710 tuunt.
169 2658 263 2717 Quibus
270 2656 433 2725 apprehensis,
443 2653 550 2702 “Patres
560 2649 692 2705 conscripti,
696 2645 766 2700 bosi*
