1680 2910
69 154 126 194 ΜΞ.
137 151 170 195 46.
240 149 293 198 Lm.
301 149 335 198 X.
353 147 556 206 ANNALIUM.
699 155 750 201 ‘299

68 283 136 332 Urbe
146 280 314 347 peregrinitatis
325 279 392 330 avidi
402 280 545 330 admirationi
560 278 633 329 sudre.
664 279 705 331 Ex
717 283 747 332 iis

68 349 189 413 cognitum
203 344 246 397 sud
256 349 280 395 in
295 345 370 398 insuld
384 348 509 460 quispenta
519 354 570 395 esse
581 347 676 411 oppida:
697 346 744 396 Pa·
761 349 763 354 ’

67 412 230 463 laesimundum
242 412 344 460 omnium
354 412 385 459 ibi
395 413 431 460 cla
451 413 552 469 ssimum,
561 428 589 460 ac
599 411 747 477 regiam'OC

66 479 126 528 mill.
135 479 207 543 plebis
212 479 223 526 :¹
233 494 325 526 servum
336 478 435 526 nemini:
455 493 502 526 non
513 479 537 526 in
548 479 608 526 diem
619 485 659 525 aut
669 481 742 526 inter·

68 544 108 593 diu
120 559 240 594 somnum:
260 559 328 608 agros
340 543 461 607 diligenter
471 543 527 591 coli:
547 542 602 592 vitis
616 559 683 592 usum
694 560 742 593 non

68 626 128 667 esse,
145 611 219 673 pomis
239 607 363 657 abundare:
384 624 434 657 esse
449 609 474 655 in
490 609 577 674 piscatu
593 609 742 672 voluptatem,

67 676 209 724 testudinum
220 675 325 731 maxime,
337 669 432 737 q'uarum
444 673 561 738 superdcie
571 674 668 722 familias
679 676 744 723 babi-

67 742 167 789 tautium
178 734 339 804 contegerent:
360 739 454 788 aediticia
470 741 560 787 modice
575 741 604 788 ab
617 741 688 788 humo
701 755 743 788 ex·

68 813 143 855 stare:
163 821 276 853 annonam
293 820 408 867 nunquam
425 805 515 868 augeri:
535 818 581 853 non
596 805 647 853 fora
661 807 744 854 litesve

67 886 133 920 esse:
154 872 197 919 coli
210 870 347 918 Herculem:
366 871 425 918 festa
435 871 556 918 venatione
567 871 673 928 absumii
687 886 742 934 gra·

67 938 180 985 tissimum
187 952 237 984 eam
243 937 339 998 tigribus
345 937 514 999 elephantisque
521 943 632 984 constare.
649 936 742 1000 Regem

66 1003 145 1066 eligia
155 1003 239 1066 populo
250 1000 343 1049 senectb
353 1001 523 1063 clementiaque,
539 1002 621 1049 liberos
633 1018 680 1049 non
699 1003 742 1050 ha-

67 1069 176 1125 bentem3
188 1075 217 1122 et,
230 1068 249 1114 si
257 1075 335 1130 postea
345 1068 433 1130 gignat,
445 1068 548 1122 abdicari,
558 1083 587 1114 ne
597 1066 637 1114 fiat
645 1068 742 1114 haeredi·

67 1134 151 1180 tarium
170 1148 281 1195 regnum:
301 1140 400 1180 rectores
419 1133 440 1180 ei
456 1147 469 1179 a
484 1133 567 1196 populo
585 1132 664 1179 XXX
676 1134 739 1181 dari:

68 1214 112 1246 nec
121 1199 164 1245 nisi
170 1198 268 1260 plurium
277 1197 389 1246 sententiis
396 1213 531 1259 quemquam
540 1199 619 1261 capitis
627 1197 729 1246 damnari
733 1215 742 1256 ;
793 1204 797 1217 “

67 1264 102 1311 sic
121 1279 211 1325 quoque
226 1264 397 1327 appellationem
415 1279 465 1310 esse
482 1265 511 1311 ad
524 1264 647 1327 populum
665 1262 741 1310 LXX

62 1329 154 1392 judices
170 1329 233 1387 dari3
252 1330 270 1375 si
286 1330 382 1375 liberent
399 1344 469 1384 reum,
487 1329 582 1391 amplius
599 1329 699 1391 triginta,
711 1329 740 1375 iis

67 1394 154 1442 nullam
165 1409 216 1441 esse
231 1394 392 1456 dignationem,
409 1395 545 1456 gravissimo
555 1395 645 1456 probro.
677 1393 741 1456 Regi

67 1460 155 1506 cultum
174 1458 250 1505 Liberi
270 1460 346 1521 patris,
369 1461 457 1506 caeteris
476 1460 590 1507 Arabum:
616 1474 701 1521 regem,
720 1459 740 1506 si

67 1525 123 1586 quid
141 1524 261 1584 delinquat,
284 1532 358 1571 morte
381 1525 478 1580 multari,
503 1525 565 1571 nullo
579 1525 738 1580 interimente,

67 1589 222 1636 aversantibus
241 1590 335 1646 cunetis,
355 1596 379 1636 et
393 1591 529 1636 commercia
542 1591 611 1636 etiam
628 1589 740 1638 sermonis

67 1669 84 1701 n
129 1654 211 1701 ntibus.

114 1717 175 1766 Haec
193 1720 221 1766 ob
242 1719 365 1767 novitatem
389 1720 529 1767 audientibus
551 1727 622 1782 grata
650 1718 737 1767 Liben-

66 1785 113 1832 tius
124 1799 186 1840 vero,
197 1785 251 1831 licet
261 1785 321 1831 haud
337 1785 386 1831 sine
401 1783 487 1831 invidiis
497 1785 605 1840 auditum,
621 1785 651 1831 ibi
666 1787 736 1832 vitam

67 1850 185 1897 bominum
194 1857 284 1897 centum
291 1850 357 1896 annis
364 1850 476 1896 modicam
486 1868 492 1896 ι
511 1850 607 1896 insulam
616 1851 664 1896 auri
675 1865 737 1897 mar·

64 1916 236 2027 paritarumque
245 1915 391 1978 grandiorum
402 1913 540 1970 fertiliorem,
559 1930 625 1976 quam
637 1913 735 1963 Indiam.

87 1981 188 2027 aululum
206 1981 314 2027 invidiam
335 1981 448 2027 imminuit
466 1981 572 2028 vitiorum
592 1980 694 2035 societas,
711 1987 736 2027 et

65 2045 181 2093 Romanae
198 2047 295 2092 luxuriae
314 2046 486 2093 commendatio.
520 2045 659 2092 Fatebantur
675 2045 735 2092 enim

63 2111 134 2173 legati
147 2111 188 2158 sibi
199 2126 278 2158 aurum
287 2119 310 2158 et
318 2120 439 2173 argentum
450 2113 474 2157 in
484 2112 566 2173 pretio:
581 2126 679 2157 marmor
690 2118 738 2157 tes-

65 2176 151 2223 tudinis
173 2176 252 2231 simile,
279 2192 382 2239 gemmas
404 2177 582 2238 margaritasque
605 2178 628 2222 in
649 2177 737 2223 honore

63 2241 137 2288 multo
156 2242 325 2304 praestantiores
343 2242 434 2288 haberi:
452 2243 552 2303 ipsorum
569 2257 624 2304 opes
640 2244 737 2304 maJores

63 2322 122 2361 esse,
134 2308 175 2353 sed
185 2307 244 2369 apud
254 2306 373 2354 Romanos
384 2307 505 2369 opulentiae
512 2308 620 2369 majorem
629 2321 703 2353 nsum.

99 2369 178 2434 [Talia
188 2373 212 2418 in
223 2370 303 2428 insuld,
321 2380 386 2419 extra
404 2374 480 2419 orbern
496 2388 509 2418 a
528 2371 608 2418 naturd
624 2369 732 2433 relegant,

63 2438 129 2484 multi
143 2453 172 2484 eo
184 2438 256 2499 magis
267 2439 416 2492 mirabantur,
428 2438 488 2498 quod
500 2437 527 2482 de
540 2438 630 2484 Senibus
642 2452 735 2499 prorsus

64 2502 154 2549 diversa
168 2503 231 2563 prius
242 2504 324 2560 audita,
337 2504 469 2549 certioribus
484 2504 569 2551 nuntiis
580 2510 628 2548 tum
640 2503 736 2550 firmata.

65 2567 211 2614 Memorabat
219 2569 279 2613 enirn
290 2567 379 2616 Rachia
385 2569 444 2615 ultra
451 2575 542 2615 montes
548 2568 653 2614 Emodon
663 2568 745 2619 Serae,

61 2631 145 2678 lanicio
152 2633 262 2680 silvarum
274 2635 370 2693 nobiles,
382 2637 411 2684 ab
421 2636 481 2699 ipsis
491 2635 597 2698 adsp'xc‘x3
610 2627 768 2678 adsentatrix

53 2707 175 2751 occursare
180 2715 192 2760 ,·
210 2706 284 2754 notos
294 2703 545 2756 etiamcommeruiot
563 2697 787 2766 patremmeum
