1710 3218
646 354 650 363 ι

60 498 114 543 198·
142 489 334 540 ANNALIUM
345 488 399 537 Lus.
409 486 455 538 VI.
467 485 528 538 Cur.
541 490 581 535 185
612 488 733 540 medad,

66 627 90 672 in
109 629 223 686 posterum
241 636 326 682 sexque
346 636 437 668 menses
455 619 507 674 dati
530 620 587 680 quis,
607 618 734 669 recondam

64 693 128 753 Jussa
150 689 214 750 legis,
236 688 335 734 rationes
350 686 472 733 familiares
490 685 588 747 quisque
609 701 736 749 compone·

69 761 127 801 rent.

102 815 188 863 XVII.
206 815 269 863 Hinc
286 817 361 878 inopia
378 816 410 863 rei
421 816 560 870 nummariae,
576 823 692 863 commoto
703 817 736 864 si·

69 883 118 930 mul
129 883 229 928 omniurn
238 897 284 928 aere
294 882 383 939 alieno;
400 887 424 927 et
438 881 496 941 qnia,
508 887 544 927 tot
558 881 676 936 damnatis,
692 883 739 929 bo«

70 950 150 1007 nisque
164 961 242 993 eornm
261 947 387 1000 disenditis,
407 947 520 1007 signatum
540 953 660 1007 argentum
678 945 758 995 fisco·

70 1012 107 1060 vel
119 1013 197 1058 serario
209 1012 350 1058 attinebatur·
382 1009 419 1057 Ad
433 1012 476 1057 hoc
488 1018 579 1057 senatus
589 1012 736 1073 praescripse·

70 1084 111 1130 rat,
124 1078 179 1123 duas
190 1078 284 1137 quisque
293 1075 387 1122 foenoris
397 1082 472 1136 partes
486 1076 510 1121 in
521 1076 581 1136 agris
592 1091 632 1137 per
643 1074 734 1124 Italiam

71 1143 198 1189 collocaret.
232 1141 277 1189 Sod
295 1141 416 1187 creditores
435 1141 458 1185 io
470 1140 732 1203 solidum-appellabant:

71 1223 113 1254 nec
125 1208 230 1253 decorum
241 1205 363 1268 appellatis,
381 1205 482 1252 minuere
499 1203 574 1251 iidem.
610 1203 644 1252 lta
662 1207 736 1268 primo

71 1272 212 1319 concursatio
224 1278 246 1318 et
256 1285 347 1333 preces:
366 1270 417 1316 dein
436 1277 535 1332 strepere
549 1271 652 1331 praetoris
662 1272 735 1318 trihu·

72 1338 124 1384 nal:
144 1352 220 1397 esque,
228 1351 280 1397 quas
291 1335 389 1382 remedio
399 1335 501 1395 quaesita,
512 1335 611 1381 venditio
622 1341 646 1381 et
657 1337 734 1392 emho,

72 1404 95 1448 in
107 1403 242 1448 contrarium
253 1401 347 1448 mutari:
366 1400 419 1460 quia
429 1399 576 1446 foeneratores
592 1414 682 1446 omnem
694 1417 736 1463 pe-
754 1424 757 1429 ·

72 1467 162 1514 cuniam
173 1467 298 1513 mercandis
308 1465 368 1526 agris
379 1465 531 1512 condiderant
565 1462 660 1526 Copism
676 1481 735 1514 ven·
753 1488 757 1494 ·

73 1533 139 1579 dondi
151 1531 229 1579 secutio
239 1531 332 1584 vilitate,
343 1538 426 1591 quanto
441 1530 491 1590 quis
510 1530 634 1584 obaeratior,
651 1532 737 1592 egrius

72 1598 241 1654 distrahebant;
268 1595 378 1656 multique
403 1594 499 1641 fortunis
519 1594 733 1656 provolvebantur:

73 1664 160 1709 eversio
180 1663 211 1708 rei
221 1661 335 1707 familiaris
352 1660 484 1722 dignitatem
501 1674 528 1705 oc
541 1658 623 1706 sarnam
635 1669 743 1723 praeceps

73 1729 153 1774 dabat:
173 1727 245 1772 donec
256 1725 308 1771 tulit
318 1739 383 1786 opem
396 1722 481 1779 Caesar,
501 1724 608 1785 disposito
618 1740 659 1787 per
669 1740 735 1773 men·

74 1808 110 1839 sas
128 1791 208 1837 millies
226 1789 336 1843 sestertio,
354 1787 457 1849 factaque
473 1788 590 1835 mutuandi
606 1788 670 1852 copiti
686 1791 736 1839 sine
752 1832 755 1837 .

73 1857 147 1904 usuris
165 1871 206 1917 per
216 1855 344 1908 triennium,
361 1853 380 1899 si
398 1852 485 1900 debitor
500 1854 584 1916 populo
602 1854 626 1899 in
640 1855 734 1917 duplum
794 1882 796 1886 Α

73 1922 163 1985 praediis
182 1921 285 1967 cavisset.
318 1916 356 1965 Sic'
367 1917 450 1965 reiecta
460 1916 521 1973 fides,
537 1925 561 1964 et
570 1919 676 1980 paulatim
687 1921 735 1982 pri-

73 1988 119 2033 vati
131 2001 220 2046 quoque
230 1985 350 2032 creditores
361 1984 454 2045 reperti:
465 1998 537 2044 neque
547 1984 617 2030 emtio
627 1999 735 2046 agrorum

75 2051 173 2098 exercita
184 2051 222 2096 »ad
240 2050 336 2096 sormam
358 2048 572 2105 senatus-consulti;
597 2049 695 2107 acribus,
709 2056 736 2098 ut

75 2116 146 2163 sermc
157 2115 215 2169 talia,
227 2115 302 2168 initiis,
314 2114 427 2161 incurioso
437 2112 489 2161 fine.

108 2177 207 2226 XVIII.
225 2180 287 2226 Dein
306 2179 400 2226 redeunt
418 2180 504 2240 priores
520 2185 601 2233 metus,
621 2180 736 2240 postulato

74 2246 196 2306 majestatis
203 2243 316 2293 ,Considio
325 2243 436 2302 Proculo;
453 2244 497 2304 qul,
510 2244 571 2290 nullo
582 2244 666 2305 psuo're
676 2245 738 2294 diem

73 2306 171 2358 attalem
183 2310 303 2364 celebrans,
315 2316 391 2371 raptus
401 2311 424 2355 in
436 2310 526 2363 curiam,
534 2310 660 2370 pariterque
667 2309 738 2357 dam·

74 2374 332 2435 natusinterfectusque.
364 2373 397 2420 Et
417 2374 486 2420 sorori
505 2374 552 2434 ejus
572 2373 660 2419 Sanciae
678 2375 741 2436 aqud

74 2449 142 2500 atque
152 2441 200 2502 igni
212 2440 360 2493 interdictum,
373 2445 492 2484 accusante
504 2437 537 2491 Q.
546 2436 679 2500 Pomponio.
693 2438 739 2497 -Is,

77 2507 176 2551 moribus
196 2507 289 2566 inquies,
307 2505 356 2550 haec
371 2511 394 2549 et
412 2503 564 2564 hujuscemodi
584 2518 633 2550 ase
643 2503 743 2553 factitari

77 2571 236 2632 praetendobat,
253 2577 284 2623 ut,
304 2567 368 2630 partia
377 2568 435 2628 apud
448 2568 571 2629 principem
587 2566 668 2630 gratid,
679 2572 742 2631 peri-

75 2636 132 2681 culis
146 2633 265 2695 Pomponii
282 2633 378 2680 Secundi
396 2632 478 2687 fratris,
495 2633 630 2679 mederetur.
661 2633 743 2682 Etiam

74 2702 98 2745 in
120 2697 250 2759 Pompeiam
268 2699 396 2745 Macrinam
415 2698 518 2744 exsilIum
538 2699 649 2752 statuitur,
673 2701 740 2762 cujus

75 2765 181 2809 maritum
196 2763 336 2824 Argolicum,
357 2778 458 2810 socerum
470 2761 592 2818 Laconem,
611 2764 742 2825 eprImori·

74 2829 116 2874 bus
129 2827 276 2889 Achaeorum,
293 2827 371 2876 Caesar
381 2828 498 2874 afflixerat.
519 2827 599 2876 ·Pater
611 2843 701 2889 quoque
711 2831 743 2877 il·
761 2854 765 2859 r

133 2893 152 2938 's
173 2908 241 2953 eques
260 2893 384 2949 Romanus,
408 2909 433 2940 sc
452 2893 520 2941 irater
538 2894 663 2954 praetorius,
688 2910 761 2943 curn*

165 2957 187 3005 lo
198 2958 299 3016 instaret,
317 2974 341 3006 sc
359 2959 403 3023 ipsi
418 2957 558 3006 interfecdre.
591 2957 681 3005 Datum
693 2969 745 3009 erat

124 3024 165 3089 hi,
185 3027 251 3092 qood
268 3026 431 3094 Theophanen
446 3024 744 3088 Mityleneuro,=proarnm
