1680 2910
53 153 154 195 J..(223
202 153 395 201 ANNALIUM
413 153 465 200 err
477 153 522 202 IV.
535 151 595 202 Car
603 156 641 199 14
676 155 723 200 185

56 281 172 345 Auguste
184 285 267 340 odium,
278 292 392 332 recentem
408 284 482 332 Liriae
493 285 653 332 conscientiam
668 298 723 331 exa·
750 288 752 291 '

54 348 136 409 gitare,
144 359 169 397 ut
178 353 294 413 superbam
302 350 445 404 fecunditate,
455 351 572 397 subnixam
580 349 725 412 popularibus

55 413 136 463 stadiis
144 416 391 472 inhiaredominntioni,
402 416 462 477 apud
471 413 586 463 Caesarem
594 421 725 477 arguerent.

56 478 141 540 Adque
153 481 203 528 baec
213 481 300 529 callidis
310 481 494 535 criminatoribus,
515 481 585 544 (inter
595 494 652 542 qnos
661 480 723 526 dele-

54 552 121 605 gerat
139 545 228 595 ,lulium
247 545 390 601 Postumum,
409 562 449 608 per
467 546 600 593 adulterium
624 544 724 592 Mutiliae

56 607 145 657 Priscae
160 612 220 658 inter
234 612 328 658 intimos
346 612 411 664 ariae,
428 619 452 658 et
468 611 567 658 consrlus
578 625 624 659 sura
634 610 724 672 perido-
767 628 771 636 ·

56 689 133 730 neum,
151 677 205 736 quia
215 675 311 724 Prisca¹
305 693 329 723 m
340 677 415 724 animo
427 676 540 739 Augustae
551 673 636 736 valida)
648 690 726 729 anum,

56 738 136 802 suapte
153 740 235 788 natura
253 743 362 804 potentiae
377 742 473 795 anxiam,
488 740 639 787 insociabilem
659 740 727 786 nurui

56 805 175 853 efficiebat.
206 806 340 869 Agrippinas
356 821 447 866 quoque
456 806 553 868 proximi
568 805 726 860 illidebantur,

56 872 133 933 pravis
144 872 285 918 sermonibus
294 871 393 917 tumidos
404 871 494 932 spiritus
503 870 667 932 perstimulare.

74 940 77 945 '
90 934 166 982 XIII.
182 935 216 983 At
231 934 343 990 Trberius,
364 936 420 981 nihil
435 933 563 982 intennissri
576 950 650 981 rernm
664 933 725 990 curri,

56 1001 150 1062 negotis
159 1017 201 1063 pro
213 1001 298 1051 solatiis
309 1001 426 1062 accipiens,
437 1002 477 1062 jus
487 1001 580 1056 civium,
596 1015 674 1061 preces
686 1015 723 1046 so-

56 1065 275 1117 ciorumtractabat:
294 1065 403 1126 factaque,
416 1063 724 1119 auctoreea'senatfls-con·

55 1131 123 1185 suita,
141 1139 168 1177 ut
185 1131 269 1178 civitati
287 1129 423 1192 Cibyraticae
440 1131 498 1191 apud
514 1130 601 1185 Asiam,
620 1128 725 1191 AEgiensi

56 1196 117 1258 apud
134 1195 252 1249 Achaiam,
268 1205 332 1242 motu
347 1204 415 1243 terrae
430 1195 550 1248 labefactis,
570 1194 726 1240 subveniretur

58 1261 193 1308 remissione
202 1262 279 1308 tributi
291 1261 313 1307 in
325 1260 455 1307 triennium.
487 1259 520 1306 Et
530 1258 612 1305 Vibius
621 1259 727 1313 Serenus,

55 1326 180 1387 proconsul
188 1327 299 1373 ulterioris
309 1324 435 1388 Hispaniae,
444 1326 473 1372 de
481 1325 503 1372 vi
511 1322 601 1387 publicis
607 1323 726 1370 damnatus

54 1392 85 1438 ob
96 1392 236 1438 atrocitatem
248 1406 344 1446 mamm,
360 1392 384 1437 in
397 1391 494 1438 insulam
506 1390 635 1450 Amorgum
647 1389 727 1451 depor-

56 1463 125 1503 tatur.
159 1453 277 1504 Carsidius
290 1456 406 1510 Sacerdos,
418 1471 477 1510 reus,
488 1463 601 1516 tamquam
610 1453 726 1503 frumento

55 1522 146 1568 bostem
153 1519 320 1568 Tacfarinatem
324 1522 429 1583 juvisset,
437 1521 572 1578 absolvitur;
581 1519 728 1582 ejusdemque

56 1586 160 1633 cuminis,
175 1583 203 1634 C.
215 1587 339 1633 Gracchus.
374 1585 445 1632 Hunc
464 1587 570 1633 comitem
586 1583 666 1639 exsilii,
686 1585 726 1630 ad·

56 1652 150 1698 modum
161 1651 278 1706 infantem,
294 1659 358 1713 pater
370 1652 516 1713 Sempronius
526 1651 550 1696 in
558 1650 654 1696 insulam
667 1647 726 1698 Cer·

58 1716 132 1763 cinam
144 1717 233 1764 tulerat.
262 1714 313 1762 Illic
322 1717 417 1770 adultus,
429 1717 489 1762 inter
499 1721 601 1763 extorres
612 1722 636 1762 et
646 1715 726 1762 libera·

56 1781 113 1827 lium
129 1782 212 1828 artium
229 1782 325 1835 nescios,
345 1797 399 1828 mox
411 1797 451 1843 per
463 1779 564 1828 Africam
584 1796 610 1828 ac
627 1780 726 1828 Siciliam

56 1847 167 1893 mutando
183 1848 282 1894 sordidas
301 1859 388 1893 merces
405 1847 585 1894 sustentabatur:
605 1861 680 1922 neque
691 1852 726 1891 ta·

56 1909 412 1975 meneffugitmagnaefortunae
422 1912 528 1974 pericula
555 1913 598 1966 Ac,
615 1910 728 1957 niAElius

56 1976 140 2024 Lamia
150 1986 174 2023 et
181 1975 211 2024 1.
220 1978 340 2054 Apronius,
353 1993 391 2038 qur
385 1977 504 2024 Africam
519 1972 696 2029 obtinuerant,
690 1990 726 2022 rn-

10 2099 13 2107 .
57 2050 147 2088 sontem
159 2044 317 2104 protexissent,
336 2043 467 2090 claritudine
483 2041 575 2089 infausti
586 2040 685 2103 generis,
704 2045 729 2087 et

56 2109 158 2168 paternis
168 2108 268 2154 adversis
275 2107 335 2154 soret
343 2109 475 2155 abstractus.

90 2170 162 2218 XIV.
180 2170 205 2218 Is
217 2188 306 2233 quoque
316 2188 390 2220 annus
407 2173 533 2234 legationes
545 2171 681 2218 Graecarum
693 2169 727 2217 ci·

13 2287 16 2290 ,
56 2237 154 2283 vitatum
167 2237 257 2293 habuit;
277 2238 358 2284 Samiis
369 2237 473 2292 Junonis,
483 2235 538 2284 Cois
550 2235 677 2298 AEsculapii
688 2236 727 2282 de·

56 2302 128 2355 lubro,
149 2308 264 2348 vetustum
281 2303 337 2363 asyli
349 2303 425 2364 juant
440 2301 573 2355 firmaretur,
592 2301 727 2363 petentibus,

58 2367 130 2413 Samii
142 2367 232 2413 decreto
246 2367 438 2429 Amphictyonum
454 2367 587 2422 nitebantur,
606 2366 656 2426 quis
667 2382 727 2428 prae·

57 2426 149 2493 cipuum
159 2430 203 2478 fuit
215 2447 289 2478 rerum
303 2433 403 2478 omnium
410 2432 528 2494 Judicirim,
539 2431 584 2493 quia
594 2437 730 2508 tempestate

58 2497 145 2550 Graeci,
157 2497 253 2543 conditis
264 2513 304 2560 per
316 2499 393 2545 Asiam
406 2498 502 2552 urbibus,
519 2496 560 2543 ora
574 2497 644 2542 maris
653 2497 732 2556 potie-

55 2562 146 2609 bantur.
180 2561 263 2637 Neque
273 2563 349 2626 dispar
359 2563 420 2628 apud
431 2561 498 2614 Coos
509 2563 652 2624 antrnrirtasr
671 2565 700 2603 et
707 2572 753 2601 aa·

50 2627 144 2671 cedebat
151 2627 259 2675 mentum
267 2645 299 2677 ex
311 2631 371 2680 loco
408 2631 479 2681 Nam
487 2626 774 2680 orreruommossm

34 2688 79 2746 Plo
93 2688 229 2754 AEsculapii
244 2696 405 2759 induxerant,
424 2716 497 2758 cum,
506 2701 585 2765 iussu
593 2675 797 2752 reglamffi‘
