1680 2910
99 151 159 198 sm
190 144 386 197 ANNALIUM
402 142 510 196 hain.
521 142 633 197 curma
669 148 787 192 mean.

110 295 170 339 mus,
185 286 210 326 et
222 279 357 333 Samnitium
367 281 452 343 jugum
470 278 602 327 subivimus.
636 276 786 336 Attamemsi

111 353 195 393 cuncta
204 345 264 393 bella
273 360 398 399 recenseas,
410 344 498 392 nullum
508 346 613 392 breviore
624 345 708 409 spatio,
718 360 785 407 quam

111 411 219 459 adversus
234 411 322 465 Gallos,
339 409 477 458 coufecmm.
510 408 629 459 contiuua
639 411 696 458 iude
706 426 734 459 ac
745 409 787 457 fids

110 491 163 539 pax.
203 474 258 524 Jam
279 475 386 531 moribus,
408 476 500 530 artibus,
525 475 677 523 affinitatibus
705 476 788 523 noddo

111 541 185 594 mixti,
205 556 285 588 aurum
296 548 320 588 et
330 556 385 603 opes
396 556 449 588 suas
458 540 557 588 inserant
567 540 652 604 potius,
670 556 741 603 qum
751 556 788 588 se·

111 606 183 669 parati
195 606 298 654 habeant
319 605 410 662 Omnia,
420 604 484 655 Rc.
495 621 548 668 quae
559 620 621 653 nuuc
632 606 787 653 vetustissima

112 670 241 728 creduntur,
253 686 314 719 nova
329 669 401 719 suere.
433 668 512 719 Plebei
522 671 673 734 magistratus
683 679 739 734 post
748 686 786 734 ps·

112 734 205 782 tricies:
220 735 298 784 Latini
305 743 357 798 post
367 736 480 799 plebeios:
495 743 631 785 ceterarum
643 735 721 784 Italiae
731 752 787 801 geu-

113 801 171 849 tium
190 809 241 864 post
261 801 364 849 Latinos.
402 800 558 849 Iuvetemsoet
576 802 622 849 hoc
639 818 748 864 quoque:
766 809 788 851 et

113 866 175 929 quod
185 867 252 914 hodie
262 867 371 930 exemplis
381 874 478 923 tuemur,
488 868 550 914 inter
560 868 670 930 exempla
679 865 749 916 erit.”
786 892 790 901 ·

148 930 232 979 XXV.
249 931 382 980 Orationem
396 933 503 995 principis
523 939 602 979 secuto
622 940 718 995 patrum
734 948 788 980 con·

115 998 182 1052 auito,
194 998 260 1060 primi
271 998 343 1044 AEdui
354 1005 483 1045 senatorum
494 998 517 1044 in
529 998 628 1060 urbejus
637 998 716 1061 adepti
724 1006 785 1046 suut:

115 1062 192 1109 dutum
206 1063 230 1108 id
247 1062 327 1110 soederi
338 1064 439 1125 antiquo,
453 1070 477 1110 et
487 1063 540 1124 quia
554 1062 597 1109 soli
608 1062 737 1111 Gallorum·
744 1063 788 1111 im·

114 1129 226 1175 temitntis
235 1144 317 1175 nomen
328 1143 381 1175 cum
388 1128 472 1191 populo
483 1127 591 1175 Romano
602 1136 726 1191 usurpant.
746 1127 788 1175 Iis-

116 1194 168 1240 dem
179 1193 257 1239 diebus
273 1195 297 1237 in
308 1209 428 1239 umnerum
439 1192 585 1254 patriciorum
595 1193 697 1243 adscivit
711 1192 788 1243 Caemr

115 1257 294 1306 vetustissimum
305 1271 418 1317 quemque
429 1272 443 1303 e
454 1265 541 1313 senatu,
548 1265 589 1307 sut
599 1260 683 1320 quibus
691 1258 746 1307 clari
753 1275 789 1323 pa·
802 1302 805 1309 .

116 1330 192 1370 rentes
201 1320 305 1368 fuerant:
324 1321 402 1384 paucis
413 1322 462 1384 jam
474 1322 566 1384 reliquis
572 1322 724 1380 familiarum,
735 1339 788 1386 quas

114 1386 228 1436 Romulus
239 1385 356 1449 majorum
370 1393 393 1434 et
405 1385 434 1433 L.
443 1386 530 1435 Brutus
545 1390 669 1436 minorum
679 1392 786 1451 gentium

116 1452 298 1515 appellaverant3
319 1453 433 1500 exhaustis
444 1453 519 1507 etiam,
529 1469 585 1513 quas
596 1454 697 1503 dictator
710 1454 788 1504 Caesar

115 1519 168 1580 lege
189 1514 275 1573 Cassii,
287 1525 310 1564 et
321 1518 424 1580 princeps
440 1517 560 1580 Augustus
576 1519 630 1580 lege
648 1520 788 1567 8111111111)-

115 1581 199 1645 legere.
233 1581 343 1644 Laetaque
354 1583 403 1629 haec
414 1583 438 1628 in
449 1581 480 1631 R.
487 1582 514 1629 P.
525 1584 608 1639 munia,
620 1585 697 1632 multo
705 1586 787 1649 gaudio

116 1649 217 1696 censoris
232 1649 350 1695 inibantur.
384 1647 495 1695 Famosos
505 1649 592 1710 probris
603 1665 707 1710 quonam
723 1651 787 1697 modo

117 1720 197 1761 senatu
209 1714 335 1775 depelleret,
348 1714 435 1768 anxius,
447 1715 524 1760 mitem
537 1721 560 1760 et
571 1730 653 1761 recens
669 1726 787 1779 repertam,

116 1794 184 1840 quam
196 1794 229 1824 erc
236 1780 355 1825 severitate
363 1778 443 1842 priscis,
452 1780 561 1826 rationem
570 1779 679 1836 adhibuit,
692 1795 787 1828 monen-

117 1845 153 1898 do,
166 1859 243 1890 secum
254 1845 347 1905 quisque
364 1845 392 1890 dc
408 1861 432 1891 se
449 1845 591 1898 consultaret,
609 1852 746 1907 peteretque
751 1847 788 1909 jus

115 1910 213 1957 exuendi
224 1909 315 1956 ordinis.
348 1908 447 1955 Facilem
459 1911 506 1972 ejus
518 1910 550 1956 rei
560 1911 663 1957 veniam:
678 1919 704 1958 et
715 1920 788 1959 motos

117 1982 203 2030 senatu,
224 1982 247 2021 et
264 1984 384 2027 excusatos
403 1975 470 2021 simul
486 1975 668 2037 propositurum:
689 1983 717 2023 ut
727 1976 788 2039 judi-

115 2042 175 2087 cium
188 2055 314 2093 censorum,
326 2055 351 2086 ac
362 2039 434 2102 pudor
445 2047 525 2101 sponte
533 2040 662 2086 cedentium
674 2041 788 2102 permixti,

115 2105 264 2168 ignominiam
276 2105 397 2151 mollirent.
431 2105 467 2151 Ob
478 2121 504 2152 ea
516 2104 642 2166 Vipstanus
660 2107 744 2154 consul
754 2122 789 2152 re-

115 2171 174 2224 tulit,
200 2177 214 2199 “
225 2169 315 2217 Patrem
334 2168 446 2217 Senaths”
472 2170 628 2233 appellandum
646 2186 699 2218 esse
719 2170 789 2220 Clau·

116 2236 191 2283 dium:
210 2237 292 2297 quippe
303 2236 454 2297 promiscuum
472 2240 488 2264 “
497 2235 572 2282 Patris
584 2234 687 2282 Patriae'’
701 2252 789 2299 cogno-

117 2308 233 2347 mentum:
253 2316 313 2347 nova
323 2302 346 2346 in
358 2316 428 2362 remp.
439 2301 520 2348 merita
530 2316 575 2347 non
587 2301 677 2347 usitatis
688 2303 790 2349 vocabu·

115 2366 144 2412 lis
160 2365 296 2411 honoranda.
331 2366 375 2413 Sed
393 2367 441 2426 ipse
457 2366 556 2412 cohibuit
572 2366 697 2420 consulem,
717 2375 744 2413 ut
755 2368 790 2413 ni-

116 2431 187 2477 mium
203 2436 368 2477 assentantem:
386 2432 530 2491 condiditque
544 2431 648 2484 lustrum,
661 2446 708 2492 quo
723 2447 792 2479 censa

118 2504 172 2541 sunt
188 2496 270 2541 civium
284 2493 371 2541 LXIX
389 2504 490 2549 centena,
505 2494 591 2543 XLIV
607 2496 685 2542 millio.
721 2495 793 2558 Isque

112 2561 147 2610 illi
167 2559 220 2609 finis
238 2560 336 2610 inscitia
355 2577 412 2624 erga
429 2563 522 2607 domum
543 2574 608 2606 suam
623 2559 674 2606 fuit
718 2560 793 2609 Haud

109 2631 188 2680 multo
201 2639 262 2696 post,
277 2628 369 2694 flagitia
378 2628 460 2675 uxoris
469 2639 568 2671 noscere
575 2624 691 2681 aepmiue
698 2624 806 2676 ahmam.

109 2709 140 2751 ut
149 2701 239 2753 deiude
250 2699 394 2753 ardesceret
401 2695 429 2743 in
439 2689 654 2754 naphasincesms.
