1680 2910
36 132 84 178 168
116 122 310 177 ANNALIUM
326 119 558 173 Lumcnas.
588 126 705 175 urcem.

71 255 190 305 LXXIV.
208 253 302 303 Clannn
316 253 370 300 inde
383 254 444 300 inter
457 252 589 302 Germanos
606 252 705 303 Frisium

38 338 137 379 nnmen;
153 319 308 367 dissimulante
321 317 413 365 'liberio
423 318 513 373 ‹hmn
528 334 559 366 ne
568 320 607 366 eui
621 320 705 367 beilum

38 388 186 450 permitteret.
217 383 401 443 Nequesenatds
416 384 441 429 in
455 399 484 429 en
499 398 560 438 eura.
576 385 706 447 animperii

38 461 141 498 extreme
150 451 365 497 debonestsrentur:
384 462 456 510 paror
464 449 568 496 internus
578 464 706 511 eompara-

39 525 75 563 rat
93 517 187 567 animos,
210 515 246 559 eui
266 513 388 559 reusedium
407 512 536 561 adulrnone
553 515 704 575 querebatur.

39 580 83 634 Ita.
102 594 236 641 quamquam
251 578 346 625 dinetus
360 592 427 638 super
441 580 509 624 rebus
524 579 706 637 consulerentur,

40 660 102 692 uam
115 642 255 696 Clementiae,
270 658 332 689 aram
344 642 466 696 Amicitiae,
478 643 612 705 effigiesque
620 644 706 691 circum

41 709 177 759 Caesarisse
189 709 263 770 sejani
273 705 394 754 censuere:
413 708 540 768 crebrisque
552 709 657 771 precibus
672 707 708 755 ei·

41 774 180 837 flagitabant,
198 773 283 818 risendi
302 773 337 818 sui
355 773 443 832 copiam
459 772 567 819 fenerem.
599 772 655 821 Non
674 773 707 820 illi

41 850 117 887 tamen
128 840 152 885 in
165 837 258 890 Urbem,
270 844 308 883 aur
317 838 443 897 propinqua
454 835 511 883 Urbi
521 838 624 899 degressi
634 844 704 887 arnt:

42 906 97 952 satis
108 904 188 956 vitum,
205 902 309 948 omittere
320 901 423 952 insulem,
440 908 464 947 et
479 901 503 947 in
516 903 622 964 proximo
632 900 706 952 Cam-

41 971 114 1032 paniae
125 969 215 1029 adspici.
247 965 284 1012 Eu
294 967 372 1012 venire
381 974 464 1028 patres.
474 981 549 1026 eques,
560 982 646 1030 magna
655 982 709 1030 pm

42 1035 120 1097 plebis,
134 1033 195 1079 anxii
206 1047 261 1092 erga
271 1031 384 1092 SeJanum
398 1032 463 1092 eujus
476 1030 553 1078 durior
562 1047 709 1095 coagmnta,

43 1108 110 1159 atque
121 1114 149 1144 eo
159 1113 199 1159 per
210 1097 324 1149 ambitum,
335 1104 359 1142 et
369 1096 477 1142 societate
486 1096 631 1143 ennsssinrum
642 1112 708 1160 pan-

42 1165 114 1211 batur.
147 1163 206 1209 Satin
216 1162 339 1214 constabat,
354 1167 444 1206 auctam
455 1161 476 1206 ei
487 1162 646 1222 arrogantiam,
661 1161 709 1209 ἰω-

45 1229 98 1275 dum
114 1227 169 1274 iliud
182 1228 206 1272 in
221 1226 338 1287 propatulo
354 1225 469 1272 servitium
483 1227 606 1286 spectanti:
624 1227 710 1289 quippe

44 1293 129 1340 Romae
140 1293 197 1338 sueti
209 1291 337 1346 discursus;
354 1297 377 1336 et
391 1290 548 1351 magnitudine
562 1291 624 1339 urbia
634 1293 710 1339 inau-

45 1367 101 1410 tum‚
118 1357 177 1418 quod
193 1355 286 1416 quisque
296 1355 325 1400 nd
335 1355 451 1415 negotium
462 1362 554 1417 pergatz
573 1356 611 1411 ibi,
627 1370 711 1419 eampo

46 1429 85 1470 aut
96 1422 161 1467 litore
166 1421 270 1482 jacentes
281 1418 343 1464 nullo
353 1419 488 1473 discrimine,
504 1427 594 1467 noeoem
604 1435 632 1468 ac
643 1422 713 1478 disan,

41 1488 109 1550 juxta
123 1485 218 1547 gratiam
235 1491 274 1530 aut
292 1483 363 1529 fastus
375 1485 499 1546 janitorum
515 1486 709 1547 perpetiebantur:

47 1552 118 1598 donee
124 1550 147 1595 id
158 1564 248 1610 quoque
255 1548 364 1594 vetitum:
384 1556 407 1594 et
418 1546 526 1596 revenere
533 1550 557 1596 in
568 1549 655 1599 Urbem
663 1560 712 1599 tre-

46 1616 100 1678 pidi,
117 1630 173 1675 quos
190 1629 235 1660 non
255 1628 365 1667 sermone,
385 1628 431 1659 non
450 1615 500 1660 visu
519 1612 709 1675 dignutus'erat:

46 1680 135 1741 quidam
148 1677 309 1735 malealncres;
326 1679 405 1739 quibus
412 1676 515 1726 infaustae
522 1681 628 1727 amicitie
634 1681 714 1743 gravis

45 1745 121 1792 exitus
131 1744 268 1789 imminebat.
704 1770 708 1777 -

79 1807 186 1854 LXXV.
204 1806 320 1856 Caeterum
334 1806 438 1854 'liberius
452 1816 542 1868 neptem
554 1807 714 1872 Agrippinam.

49 1873 185 1921 Germanico
202 1882 282 1926 ortam,
299 1887 351 1918 cum
370 1888 446 1918 eoram
466 1871 511 1921 Cn.
522 1872 628 1920 Domitio
641 1875 713 1923 tradi-

47 1939 123 1993 disset,
136 1938 159 1985 in
169 1937 232 1984 Urbe
238 1938 342 1985 celebrari
354 1938 442 1999 nuptias
448 1938 524 1998 jussit.
557 1936 587 1984 In
599 1937 714 1995 Domitio.

47 2018 114 2066 super
135 2000 270 2050 vebuatatem
291 2002 389 2063 generis,
411 2003 560 2064 propinquum
583 2001 715 2053 emantur

48 2068 181 2131 sanguinem
198 2067 327 2128 delegerat:
346 2081 398 2112 nam
413 2068 433 2112 is
447 2066 530 2113 Asiam
545 2067 674 2127 Octaviam,
689 2076 714 2119 et

50 2148 90 2195 per
101 2149 150 2182 enm
162 2133 293 2198 Augustum
303 2132 440 2181 avunculum
450 2131 589 2197 preferebat.
