1680 2910
89 123 189 167 J.c.1s.
244 122 437 173 ANNALIUM
453 121 533 171 LnaI.
552 121 655 172 Cantl.
721 125 752 170 25

90 251 162 302 territi
172 255 320 310 centuriones,
331 255 381 318 ejici
391 255 498 308 tribunos,
509 253 592 300 includi
602 255 702 315 legatos:
716 254 753 299 in·

90 319 151 366 fecta
172 320 282 383 sanguiue
303 328 381 375 castra,
403 319 512 366 flumina:
530 333 610 380 meque
630 319 752 381 precariam

89 384 189 431 animam
196 385 256 432 inter
264 382 365 432 infensos
374 385 479 432 trahere?

124 446 222 497 XLIII.
238 447 309 498 “Cur
319 450 386 505 enim,
400 450 473 510 primo
487 448 601 495 concionis
616 446 657 504 die,
668 447 753 494 ferrum

90 514 153 568 illud,
164 515 225 575 quod
232 515 316 576 pectori
326 529 378 560 meo
387 513 482 576 infigere
489 514 598 575 parabam,
610 512 752 559 detraxistis?

90 580 115 628 0
122 580 241 642 improvidi
252 578 330 627 amici!
348 579 429 625 melius
439 588 462 625 et
473 579 583 626 amantius
593 578 638 632 ille,
649 579 687 639 qui
700 577 751 639 gla-

91 644 154 691 dium
165 641 277 690 offerebat.
311 641 448 692 cecidissem
459 650 520 690 certe
530 643 630 689 nondum
640 650 675 690 tot
685 641 752 704 flagi·

91 710 175 755 tiorum
194 709 302 755 exercitui
319 723 371 755 meo
393 709 508 755 conscius:
536 708 647 770 legissetis
664 707 751 763 ducem,

91 775 131 835 quai
141 787 216 820 meam
227 773 316 833 quidem
332 779 428 819 mortem
445 772 576 834 impunitam
591 773 680 827 sineret,
696 770 753 818 Vari

92 845 168 886 tumen
179 844 203 884 et
213 838 281 885 trium
291 838 407 899 legionum
418 837 567 884 ulcisceretur.
600 836 682 897 Neque
692 836 753 883 enim

92 903 123 950 dii
144 903 226 957 sinant,
250 909 275 948 ut
297 901 426 963 Belgarum,
448 916 583 962 quamquam
604 900 752 957 offerentium,

93 968 162 1014 decus
172 967 233 1014 istud
244 973 267 1013 et
277 966 386 1013 claritudo
397 966 432 1021 sit,
449 967 578 1021 subvenisse
588 965 693 1013 Romano
709 981 752 1012 no-

90 1033 153 1086 mini,
170 1032 329 1094 compressisse
343 1031 473 1078 Gennaniac
486 1029 595 1093 populos!
629 1030 686 1084 Tua,
702 1031 755 1077 dive

92 1097 206 1158 Auguste,
212 1096 271 1143 coelo
280 1103 369 1158 recepta
375 1110 446 1152 mens,
454 1103 499 1150 tua,
505 1102 568 1158 pater
576 1094 660 1150 Druse,
669 1096 753 1156 imago,

92 1161 126 1209 tui
141 1161 255 1215 memoria,
274 1161 353 1208 iisdem
371 1160 420 1207 istis
436 1175 488 1207 cum
502 1160 614 1215 militibus,
634 1175 690 1220 quos
704 1161 715 1221 j

92 1226 164 1289 pudor
175 1233 199 1273 et
208 1225 282 1288 gloria
287 1226 363 1281 intrat,
374 1225 450 1272 eluant
463 1226 521 1271 banc
531 1224 649 1279 maculam,
666 1225 754 1284 irasque
817 1271 821 1277 ,

92 1291 170 1338 civiles
188 1291 213 1338 in
231 1291 325 1338 entium
344 1291 444 1338 hostibus
461 1296 556 1336 vertant.
589 1288 639 1335 Vos
657 1303 752 1349 quoque,

36 1380 41 1387 ·
91 1370 188 1416 quorum
198 1355 242 1402 alla
252 1370 313 1402 nunc
324 1370 369 1410 ora,
381 1355 424 1402 alia
433 1362 523 1416 pectora
534 1360 647 1408 contueor,
660 1354 678 1400 si
689 1353 752 1416 lega-

94 1426 131 1467 tos
142 1420 235 1475 senatui,
248 1421 378 1481 obsequium
384 1418 526 1480 imperatori,
539 1420 557 1465 si
568 1419 621 1464 mihi
632 1420 752 1480 conjugem

92 1483 203 1532 etlilium
220 1485 317 1540 redditis,
337 1484 472 1530 disceditea
490 1490 603 1540 contactu,
620 1499 646 1529 nc
662 1484 754 1529 dividite

92 1549 204 1597 turbidos:
213 1549 248 1632 'id
264 1549 342 1596 stabile
353 1549 381 1595 ad
393 1549 556 1611 paenitentiam,
573 1549 595 1594 id
610 1547 661 1594 iidei
672 1548 753 1595 vincu-

93 1614 141 1661 lum
152 1613 210 1661 erit-¹

126 1677 220 1726 XLIV.
238 1679 353 1741 Supplices
368 1678 397 1726 ad
411 1679 467 1736 baec,
483 1685 507 1725 et
516 1693 570 1724 vera
580 1679 707 1738 exprobrari
717 1677 751 1724 fa·

41 1771 43 1776 .
94 1749 175 1798 tentes,
186 1745 285 1798 orabant,
299 1745 389 1806 puniret
398 1745 485 1798 noxios,
501 1744 628 1805 ignosceret
639 1743 713 1803 lapsis,
729 1749 753 1788 et

92 1808 185 1855 duceret
192 1809 216 1855 ln
222 1810 323 1856 hostem:
343 1815 485 1855 revocaretur
492 1809 581 1870 conjux,
589 1807 670 1854 rediret
680 1807 752 1868 legio·

93 1887 148 1920 uum
159 1873 270 1927 alumnus,
290 1889 347 1921 neve
358 1875 422 1920 obses
434 1872 506 1920 Gallis
517 1873 648 1919 traderetur.
680 1871 752 1917 Redi·

93 1944 142 1984 tum
153 1938 286 2001 Agrippinae
294 1940 418 1994 excusavit,
429 1939 458 1985 ob
468 1939 620 1984 imminentem
631 1943 718 1998 partum
728 1940 754 1984 'et

92 2002 203 2051 hiemem:
223 2011 343 2050 venturum
355 2002 438 2048 filium:
458 2009 540 2049 caeters
554 2002 596 2063 ipsi
604 2016 753 2061 exsequeren-

92 2073 136 2113 mr.
167 2065 306 2115 Discurrunt
316 2068 402 2123 mutati,
413 2078 437 2114 et
445 2068 635 2114 seditiosissimum
643 2081 754 2126 quemque

92 2132 182 2179 vinctos
197 2133 290 2180 trabunt
304 2133 332 2178 ad
347 2133 447 2194 legatum
462 2132 557 2194 legionis
571 2131 657 2193 primae,
671 2129 699 2178 C.
706 2129 752 2178 Ce-

92 2196 200 2253 tranium,
214 2197 252 2259 qui
265 2197 376 2259 judicium
392 2204 415 2244 et
425 2211 503 2259 poenas
515 2197 543 2242 de
553 2197 648 2258 singulis
657 2196 682 2242 in
692 2196 753 2242 bunc

91 2260 185 2309 modum
192 2262 300 2309 exercuit.
326 2262 420 2310 Stabant
430 2278 469 2324 pro
481 2263 587 2307 concione
595 2261 702 2322 legiones,
712 2261 752 2306 de·

90 2326 175 2373 strictis
184 2326 279 2389 gladiis:
290 2342 342 2374 reus
353 2327 376 2372 in
388 2333 497 2388 suggestu
505 2341 545 2387 per
555 2326 669 2371 tribunum
675 2333 751 2371 osten·

90 2389 196 2438 debatur:
216 2392 235 2438 si
246 2398 365 2439 nocentem
380 2392 561 2445 acclamaverant,
578 2405 677 2452 praeceps
688 2390 755 2436 dutus

90 2455 257 2505 trucidabatur:
276 2463 300 2504 et
314 2456 427 2518 gaudebat
443 2455 543 2504 caedibus
558 2456 636 2511 miles,
645 2462 771 2513 tunquam

82 2526 161 2592 ,W
168 2520 306 2569 absolveret:
324 2521 466 2575 neocaesar
476 2525 582 2581 arcebat,
597 2521 704 2586 quaudo,
713 2516 786 2590 usulis
805 2537 814 2556 =

74 2583 232 2661 Wffljwu
244 2602 320 2649 penes
339 2593 441 2642 eosdem
461 2593 560 2644 saevitia
582 2591 646 2640 iacti
664 2578 805 2634 euinctus

62 2649 136 2753 elida.
146 2644 229 2757 {xm
248 2659 391 2722 exemplum
414 2663 545 2724 veterani,
556 2660 634 2711 baud
652 2650 740 2704 muso
756 2645 822 2705 nas&

573 2746 595 2778 n
