1680 2910
104 134 135 180 rc
199 127 393 178 annuarum
409 128 490 178 ant
508 127 613 179 creat.
647 132 771 201 ncne,

102 261 174 306 menti
184 261 316 313 centurioni,
327 276 380 320 quae
390 257 504 322 perferret.
536 258 561 307 Is
572 261 657 307 orditur
669 260 698 308 de
708 265 768 313 mis-

102 327 166 372 sione
176 341 190 372 a
201 327 296 372 sedecim
308 327 384 382 annis;
402 327 430 372 de
437 326 535 388 praemiis
544 325 615 373 finitae
625 326 727 384 militiae;
741 336 769 375 ut
818 360 822 367 -

102 391 206 437 denarius
217 391 320 436 diurnum
332 392 465 452 stipendium
481 391 554 447 forem
572 407 601 437 ne
611 393 711 438 veterani
723 393 767 440 sub

98 454 187 501 vexillo
200 457 340 502 haberentur.
372 456 409 501 Ad
428 471 455 502 ea
470 455 561 502 Drusus
579 471 629 502 cum
648 457 765 504 arbitrium

102 521 193 574 senatus
204 529 228 566 et
238 521 308 582 patris
318 522 454 573 obtenderet,
471 521 568 566 clamore
579 521 694 567 turbatur:
715 519 776 571 Cur*

55 589 58 595 ’
101 585 207 639 venisset,
224 600 298 645 neque
312 586 420 647 augendis
437 585 532 631 miltun
552 586 673 647 stipendiis,
689 587 766 646 neque

101 650 223 697 allevandis
233 651 350 701 laboribus.
362 651 456 711 denique
468 648 530 696 nult
536 650 685 697 benefaciendi
693 650 766 697 lieenss

100 714 150 760 tid?
167 723 197 770 at,
215 715 312 768 hercule,
323 716 415 762 verbera
429 723 452 761 et
466 730 543 761 necem
561 716 648 761 cunctis
658 716 766 776 permitti.

62 796 67 813 ¹
101 778 217 826 TiberIum
231 780 285 826 olim
304 781 395 826 nomine
414 781 513 841 Augusti
529 780 637 826 desideria
647 780 765 841 legionum

100 843 201 891 frustrari
210 844 322 900 ,solitums
342 845 430 891 easdem
453 852 512 891 artes
533 844 636 890 Drusum
654 844 768 892 retulisse.

101 909 255 971 Nunquamne
270 910 299 955 ad
317 925 342 955 se
357 910 400 955 nisi
416 909 474 955 lilios
489 909 621 957 familiarum
640 908 766 956 venturos?

101 973 195 1020 Novum
207 974 231 1020 id
240 973 312 1034 plane,
330 974 391 1034 quod
405 975 525 1035 Imperator
541 975 589 1021 sola
604 974 681 1021 militis
699 989 763 1020 eom-

100 1040 168 1086 moda
178 1040 206 1084 ad
217 1047 319 1085 senatum
336 1039 428 1100 rejiciat.
459 1038 572 1086 Eumdem
588 1053 643 1100 ergo
660 1047 764 1086 senatum

101 1104 269 1156 consulendum,
287 1104 374 1163 quoties
386 1103 493 1165 supplicia
509 1113 548 1150 aut
565 1104 644 1165 proelia
659 1104 762 1150 indican-

101 1175 150 1215 tur:
165 1185 194 1214 an
202 1169 294 1230 praemla
302 1169 343 1214 sub
349 1168 451 1222 dominis,
460 1183 538 1229 poenas
549 1170 597 1215 sine
604 1169 685 1214 arbitro
697 1165 763 1214 esse?

134 1231 243 1279 XXVII.
268 1232 386 1278 Postremo
404 1233 509 1279 deserunt
526 1233 636 1279 tribuual:
666 1240 692 1278 ut
710 1233 761 1294 quisi

99 1299 284 1372 pretorianorum
298 1297 394 1342 militurn
410 1298 561 1344 amicorumve
574 1295 671 1352 CaesarIs
682 1312 762 1344 occur·

100 1372 164 1419 reret,
176 1377 257 1409 manus
264 1363 407 1416 intentantes,
419 1376 508 1408 causam
517 1362 633 1408 discordias
640 1369 663 1408 et
672 1363 762 1409 initium
811 1400 816 1407 .

100 1443 228 1474 armorum.
253 1426 351 1491 maxime
372 1426 453 1473 infensi
474 1425 517 1474 Cn
528 1426 634 1480 Lentulo,
656 1427 716 1488 quod
735 1428 763 1482 is,
807 1474 810 1478 ,

99 1500 152 1539 ante
162 1493 217 1539 alios
229 1499 296 1538 aetate
306 1498 329 1536 et
340 1488 413 1550 gloria
423 1492 481 1545 belli,
497 1491 585 1539 firmare
596 1492 700 1538 Drusum
711 1506 761 1538 cre·

99 1558 197 1618 debatur,
216 1564 240 1603 et
256 1556 294 1602 illa
309 1556 395 1601 militiae
416 1554 535 1619 flagitiap
537 1558 606 1603 rimus
625 1557 760 1618 adspernari.

99 1621 151 1668 Nee
162 1622 233 1667 multo
244 1628 301 1682 post,
313 1621 474 1682 digredientem
489 1637 541 1668 cum
553 1621 650 1677 Caesare,
663 1637 695 1675 ac,
707 1637 760 1684 pro-

97 1688 148 1734 vIsu
159 1686 258 1749 periculi,
274 1686 364 1732 hiberna
380 1694 452 1737 castra
470 1695 614 1748 repetentem,
632 1687 761 1733 circumsis-

97 1759 156 1804 tunt,
177 1752 305 1812 rogitantes,
323 1766 367 1810 quo
384 1751 505 1811 pergeret?
522 1753 550 1798 ad
564 1753 720 1813 imperatorem
731 1765 761 1806 an

98 1817 126 1862 ad
134 1815 225 1877 patres?
242 1824 267 1861 ut
274 1815 319 1861 illic
327 1830 416 1875 quoque
426 1817 550 1862 commodis
556 1817 672 1878 legionum
680 1817 760 1872 adver-

96 1880 201 1928 saretur?
236 1880 307 1926 Simul
318 1881 434 1941 ingruunt,
446 1882 607 1943 saanaciunt:
623 1883 715 1942 jamque
726 1882 760 1927 la·
812 1925 815 1931 ,

96 1946 154 2008 pidia
165 1947 210 1992 ictu
222 1952 334 1997 cruentus,
350 1953 372 1990 et
387 1945 447 1990 exitii
459 1954 540 1999 certus,
551 1961 643 1992 accursu
656 1946 758 1992 multitu·

97 2011 161 2066 dinis,
173 2026 224 2072 quae
235 2025 286 2056 curn
296 2008 374 2055 Druso
385 2009 510 2066 advenerat,
522 2017 636 2072 protectus
643 2021 685 2056 est.

129 2072 254 2122 XXVIII.
272 2072 372 2120 Noctem
386 2074 495 2120 minacem
508 2087 531 2122 et
542 2077 564 2121 in
576 2075 649 2122 scelus
666 2082 759 2136 eruptu-

96 2156 143 2187 ram
155 2141 201 2187 fors
212 2141 300 2186 lenivit:
321 2154 372 2185 nam
391 2139 444 2184 luna
460 2140 519 2186 claro
537 2148 627 2201 repente
642 2141 700 2186 coelo
713 2141 761 2186 visa
827 2192 830 2201 1

95 2207 247 2267 languescere.
281 2202 309 2249 Id
320 2205 390 2278 miles,
406 2204 498 2250 rationis
512 2206 611 2266 ignarus,
623 2221 689 2251 omen
701 2220 759 2264 prae·

96 2272 192 2317 sentium
204 2270 295 2329 accepit,
307 2283 333 2313 ac
345 2269 391 2314 suis
401 2268 512 2315 laboribus
523 2270 671 2317 defectionem
683 2269 761 2316 sideris

95 2337 234 2387 assimulans,
252 2347 402 2395 prospereque
419 2347 514 2385 cessura,
530 2351 581 2395 qum
598 2342 723 2397 pergerent,
742 2335 761 2380 si

95 2400 170 2461 fulgor
191 2408 213 2445 et
236 2396 344 2444 claritudo
367 2396 416 2442 deae
440 2399 574 2445 redderetur
616 2399 689 2461 Igitur
709 2400 760 2445 aeris

95 2480 158 2520 sono,
167 2466 268 2510 tubarum
281 2477 434 2520 comuumqne
443 2472 553 2510 conceutu
563 2473 674 2526 strepere:
693 2471 761 2526 prout

88 2529 229 2589 splendidior
238 2527 389 2579 obscuriorve,
403 2526 473 2572 laetari
486 2538 525 2573 aut
534 2544 647 2584 interere·
663 2537 688 2575 et
696 2536 759 2589 post-

75 2608 146 2650 quam
158 2604 219 2640 ortae
236 2595 310 2641 nubes
328 2590 462 2640 offecere'
443 2595 511 2646 visui,
524 2591 774 2666 creditumquecondt

59 2661 113 2705 tam
125 2661 238 2718 tenebris,
255 2667 283 2710 ut
293 2668 355 2710 sunt
367 2659 470 2711 mobiles
485 2661 519 2708 ad
530 2656 724 2723 superstrttonem
731 2663 813 2723 per

801 2740 832 2813 is
