1680 2910
126 114 160 161 62
207 114 400 164 ANNALIUM
417 114 516 164 LrsII.
525 113 635 166 Car-87.
674 115 791 165 U·C·769·

128 251 176 291 retr
196 261 255 300 curn,
268 247 368 308 virgines
378 245 484 294 Vestales
493 247 517 294 in
527 245 578 293 soro
588 245 703 309 etJudicio
714 241 793 298 audiri,

127 311 216 369 quoties
227 312 379 358 testimonium
391 312 496 364 dicerent,
508 319 573 358 votus
583 326 633 357 mor
643 310 720 357 funin

126 414 128 420 ,
162 374 271 422 XXXV.
289 375 376 423 Itsseo
387 377 555 438 annoprolatas
562 368 624 422 baud
637 375 750 428 referrem,
768 375 791 420 ni

127 441 224 499 pretium
240 439 305 495 soret,
323 439 367 489 Cn.
377 440 468 488 Pisonis
481 449 505 488 ct
519 440 594 488 Asinii
606 440 668 487 Galli
682 455 749 502 super
764 454 792 485 eo

128 505 221 565 negotio
240 506 340 552 diversas
359 506 480 552 sententias
497 521 596 552 noscere.
628 504 691 562 Piso,
714 519 792 564 quam·

128 583 195 628 quarn
206 569 319 617 afuturum
330 584 355 616 se
366 571 452 616 dixerat
463 569 548 624 Cacsar,
563 570 592 617 ob
602 570 625 616 id
636 568 709 631 magis
719 582 791 631 agen·

128 633 190 687 dum,
202 636 312 690 censebat,
324 643 353 690 et,
363 637 453 682 absente
462 636 575 697 principe·
580 642 682 681 senatum
693 641 717 680 et
727 633 792 693 equi·

128 703 163 744 tes
173 714 240 760 posse
250 715 291 751 sua
301 700 378 746 munia
388 701 505 754 sustinere,
516 700 622 746 decorum
634 697 792 760 reipubl-fore.

129 762 217 817 Gallus,
228 765 281 825 quia
291 765 387 826 speciem
398 765 505 811 libertatis
517 763 571 810 Piso
582 769 724 826 praeceperat,
736 763 792 809 nibil

129 828 184 873 satis
198 828 291 883 illustre,
307 835 346 876 aut
361 845 390 876 cx
406 831 513 892 dignitate
532 828 612 890 Populi
627 827 733 879 Romani,
749 828 792 873 nisi

127 908 205 938 coram
216 900 239 939 et
251 895 292 941 sub
302 894 374 941 oculis
386 892 497 942 Caesaris:
516 909 588 955 eoque
596 899 732 940 conventum
744 889 791 941 Ita-

128 955 166 1003 liae
177 965 200 1003 et
211 957 327 1006 affluentes
338 960 464 1021 provincias
478 959 604 1021 praesentiae
614 959 662 1019 ejus
675 957 791 1009 servanda,

130 1020 224 1068 dicebat.
256 1024 370 1070 Audiente
387 1025 436 1070 haec
452 1022 543 1070 Tiberio
560 1038 586 1070 ac
601 1023 687 1076 silente,
703 1021 792 1083 magnis

130 1087 242 1146 utrimque
253 1089 432 1135 contentionibus
443 1095 506 1135 acto:
527 1088 566 1134 sed
577 1102 612 1134 res
623 1087 705 1133 dilatas.
744 1100 748 1107 ¹

130 1181 133 1187 -
164 1150 288 1200 XXXVI.
304 1151 338 1199 Et
348 1162 460 1200 certarnen
472 1153 540 1200 Gallo
554 1153 661 1199 adversus
677 1149 792 1214 Caeusarem

129 1223 233 1263 exortum
250 1224 300 1264 est:
320 1232 371 1264 nam
382 1219 476 1272 censuit,
492 1218 516 1263 in
527 1217 702 1278 quinquennium
718 1215 792 1276 magi·

129 1287 240 1327 stratuum
256 1282 346 1329 comitia
363 1283 476 1329 habenda:
499 1289 568 1342 utque
582 1281 697 1342 legionum
714 1279 791 1341 legati,

131 1345 169 1404 qui
186 1352 238 1392 ante
248 1354 368 1407 praeturam
380 1345 408 1392 ei
422 1343 502 1393 mirina
514 1346 670 1409 fungebantur,
684 1346 791 1407 jamtum

130 1418 238 1470 praetores
249 1411 427 1458 destinarentur:
445 1411 548 1473 princeps
559 1411 675 1457 duodecim
686 1408 791 1455 candida·

130 1481 167 1520 tos
189 1475 211 1520 in
234 1489 306 1522 anuos
327 1476 429 1538 singulos
450 1477 582 1522 nomInaret.
613 1473 684 1521 Haud
701 1473 793 1520 dubium

131 1547 186 1591 erat,
201 1554 250 1585 eam
262 1541 395 1588 sententiam
406 1541 472 1587 altius
482 1547 607 1602 penetrare,
624 1547 647 1586 ct
657 1553 738 1585 arcana
748 1538 792 1583 im-

131 1605 187 1664 perii
201 1605 290 1652 tentari.
322 1604 425 1652 Tiberius
439 1612 521 1660 tamen,
538 1605 602 1665 quasi
617 1611 737 1665 augeretur
750 1617 792 1665 po·

131 1675 201 1714 testas
220 1669 274 1730 ejus,
291 1669 407 1716 disseruit:
428 1671 506 1717 Grave
523 1669 669 1716 moderationi
686 1683 741 1723 suae,
758 1672 794 1714 tot

130 1732 222 1794 eligere,
240 1740 274 1779 tot
288 1734 388 1782 differre:
407 1735 447 1781 vix
462 1750 501 1796 per
518 1734 619 1796 singulos
636 1748 707 1780 annos
721 1729 792 1779 offen·

131 1797 206 1844 sioncs
216 1798 290 1855 vitari,
307 1800 408 1860 quamvis
418 1799 528 1860 repulsam
538 1798 662 1860 propinqua
672 1813 724 1859 spes
734 1797 792 1843 sole·

132 1869 180 1909 tur:
200 1869 307 1922 quantum
318 1864 363 1910 odii
372 1863 421 1910 sore
432 1865 459 1910 ab
470 1864 513 1920 bis,
527 1864 565 1923 qui
576 1864 635 1909 ultra
644 1861 793 1923 quinquenni·

131 1927 793 2055 tl¹lllt²lt¹llllnll⁸lssll⁰ln„luttlltt

554 2027 561 2049 ἲ
661 2025 669 2048 2

133 2057 246 2118 superbire
263 2058 365 2104 homines
381 2059 448 2104 etlam
459 2055 533 2104 annui
544 2058 711 2119 designationes
730 2054 792 2116 quid,

132 2122 151 2168 si
168 2122 275 2168 bonoram
290 2138 330 2184 per
346 2122 522 2182 quinquennium
538 2122 641 2184 agitent?
658 2119 793 2182 quinquipli-

133 2188 177 2232 cari
193 2202 284 2248 prorsus
303 2189 456 2249 magistratus,
478 2188 575 2234 subverti
594 2188 665 2248 leges,
685 2198 795 2246 quassus

133 2250 211 2374 llll
221 2252 673 2376 :lllnllnllllllllllllltl’
690 2264 794 2311 ‘'wi''

409 2334 423 2363 o
642 2349 649 2362 .

132 2412 136 2418 ·
168 2378 304 2426 XXXVII.
320 2380 446 2428 Favorabili
466 2383 603 2443 inspeciem
625 2381 726 2427 orations
747 2378 795 2426 vias

131 2445 220 2505 imperii
238 2447 317 2492 tenuit.
350 2445 482 2508 Censusque
500 2446 647 2507 quorumdam
666 2450 796 2492 senatorum

122 2510 204 2571 juvit:
224 2524 269 2569 quo
281 2512 353 2574 magis
364 2513 445 2558 mirum
456 2511 506 2568 suit,
523 2513 584 2572 quod
596 2524 675 2572 preces
686 2509 722 2559 M·
730 2506 795 2555 Hor·

120 2575 171 2633 nli,
188 2576 273 2624 nobilis
279 2579 387 2642 juvenis,
402 2578 427 2625 in
439 2573 709 2642 paupertatemarblestb,
721 2586 800 2630 super·

43 2518 167 2720 ἱμ
179 2644 326 2713 accepisset.
357 2645 446 2711 Nepos
461 2650 513 2701 etti
527 2639 628 2691 oratoris
638 2633 775 2687 blsoeffla
781 2632 816 2675 b·
