1680 2910
48 309 148 352 J.c.4s.
194 296 391 355 ANNALIUM
407 301 641 357 Llecmst,
672 310 723 358 817

84 434 184 485 XXVI.
200 435 254 485 Jam
263 435 397 494 Messalina,
408 435 516 485 facilitate
527 439 687 486 adulteriorum
697 440 723 487 in

50 505 166 553 fastidium
180 518 253 557 versa,
273 502 302 549 ad
319 503 446 566 incognitus
465 504 567 553 libidines
583 504 723 567 profluebst3

52 585 106 618 cum
115 569 215 631 abrumpi
226 568 428 617 dissimulationem
437 570 506 617 etiam
515 569 591 627 Silius,
604 571 652 617 slve
660 570 723 618 fatali

51 632 165 688 vecordi,
191 648 221 681 an
240 633 407 682 imminentium
425 635 577 697 periculorum
599 636 725 682 remedium

54 703 103 764 ipsa
110 699 210 762 pericula
220 706 289 754 ratus,
301 700 403 762 urgebat.
428 700 518 764 Quippe
527 716 572 749 non
584 715 612 748 eo
622 708 726 758 ventum,

53 775 80 814 ut
98 772 212 812 senectam
229 765 337 827 principis
355 766 521 829 opperirentur:
545 765 672 814 insontibus
688 767 726 812 in·

54 832 124 880 noxia
134 830 239 887 consilia;
258 827 352 892 flagitiis
361 829 487 878 manifestis
502 832 624 879 subsidium
642 833 670 878 ab
684 846 727 879 au·

17 930 19 933 -
55 894 120 944 dacii
126 896 261 958 petendum:
274 895 354 943 adesse
361 897 471 951 conscios.
481 897 543 959 paria
549 903 683 944 metuentes.
696 897 728 944 Se

54 963 173 1016 celibem„
186 961 272 1016 orbum,
290 961 381 1025 nuptiis,
404 967 426 1008 et
445 961 572 1024 adoptando
592 960 727 1009 Britannico

54 1022 729 1154 millioli?‘bttlliidtllililtdz

55 1159 180 1212 incautum,
193 1158 224 1204 ite
236 1158 277 1203 irae
284 1172 412 1220 properum.
445 1158 551 1220 Segniter
562 1158 598 1205 hae
609 1173 678 1210 voces
688 1172 728 1205 ac·

56 1230 136 1285 cepte,
148 1238 195 1270 non
206 1235 283 1270 amore
293 1223 316 1271 in
325 1223 443 1281 moritum3
461 1223 507 1277 sed,
519 1239 547 1270 ne
559 1222 628 1271 Silius
638 1238 729 1271 summa

57 1290 151 1351 adeptus
167 1295 283 1350 sperneret
301 1288 432 1344 adulteram,
450 1289 575 1350 scelusque,
591 1289 651 1337 inter
664 1289 728 1335 anci·

57 1355 114 1417 pitia
123 1353 250 1416 probutum,
257 1354 318 1401 veris
328 1368 383 1405 mox
392 1352 471 1417 p'retiis
482 1355 610 1402 aestimnret
634 1352 728 1401 Nomen

58 1428 135 1466 tamen
152 1419 289 1466 matrimonii
303 1420 439 1484 concupivit,
454 1420 485 1467 ob
498 1419 677 1482 magnitudinem
692 1418 729 1464 in·

58 1485 141 1541 iamim,
157 1485 221 1547 cujus
238 1484 298 1546 apud
311 1485 420 1548 prodigos
435 1484 558 1532 novissime
568 1485 673 1546 voluptas
688 1490 732 1530 est.

59 1549 114 1597 Nec
132 1550 192 1596 ultra
212 1556 350 1613 exspectata,
373 1565 440 1612 quem
463 1551 516 1596 dum
538 1549 639 1598 sacrificii
656 1546 732 1612 gratis

61 1613 171 1664 Claudius
188 1613 278 1662 Ostiam
298 1613 485 1679 proflslsceretun
504 1621 586 1663 cuncta
601 1615 731 1678 nuptiarum

60 1682 171 1728 sollennia
181 1680 286 1728 celebrat.

97 1743 207 1792 XXVII.
225 1745 297 1794 Hand
305 1762 357 1795 sum
366 1746 468 1810 ignarm,
478 1745 604 1793 fabulosum
615 1745 689 1793 visum
696 1743 731 1802 iri,

60 1818 151 1860 tantum
162 1811 213 1858 ullis
224 1812 353 1860 mortalium
366 1811 492 1873 securimtis
510 1811 587 1868 fuisse,
603 1811 732 1858 incivitate

60 1877 162 1925 omnium
180 1874 252 1944 gnari
268 1884 292 1924 et
309 1877 365 1924 nibil
381 1877 495 1933 reticente,
514 1877 597 1925 nedum
614 1875 731 1924 consulem

61 1943 211 2004 designatum,
227 1957 279 1989 cum
297 1956 369 1991 uxore
383 1943 496 2006 principis,
528 1940 621 1990 raedlett
635 1941 678 1998 die,
690 1942 731 1988 ad·

60 2008 136 2055 bibitis
147 2008 186 2069 qui
196 2007 348 2070 obsignarent,
363 2007 427 2056 velut
441 1958 633 2071 suscipIendorum
648 2007 731 2054 libero·

61 2088 112 2121 rum
120 2072 195 2128 causi,
207 2073 351 2123 convenisse:
371 2073 505 2134 utqueillsm
516 2069 606 2120 audisse
616 2073 733 2134 auspicum

61 2139 140 2197 verba,
158 2135 252 2193 subisse,
274 2136 412 2186 sscrilicisse
430 2138 490 2201 apud
505 2137 578 2187 deos:
598 2138 733 2185 discubitum

61 2204 122 2251 inter
133 2205 252 2251 convivas:
272 2203 356 2259 oscula,
372 2204 514 2266 complexus:
534 2210 625 2251 noctem
637 2204 734 2263 denique

62 2276 136 2316 setam
147 2266 239 2315 licentii
249 2268 370 2333 conjugali.
404 2269 450 2317 Sed
460 2269 517 2317 nihil
526 2269 677 2332 compositum
688 2267 733 2313 mi·

62 2335 133 2381 rsculi
144 2331 218 2389 causi,
229 2349 309 2382 verum
320 2335 397 2382 audita
411 2335 538 2399 scriptaque
552 2334 677 2383 senioribus
687 2339 734 2379 tra-

79 2415 124 2446 am.

97 2461 226 2511 XXVIII.
244 2463 321 2528 Igitur
341 2465 422 2514 domus
448 2466 556 2529 principis
576 2465 733 2513 inhorruerat:

63 2530 214 2591 maximeque,
226 2546 283 2592 quos
294 2546 365 2593 penes
375 2526 483 2594 potentii,
495 2540 525 2587 et,
537 2531 556 2578 si
568 2546 605 2578 res
612 2534 735 2585 verterent,

63 2595 168 2649 formido,
181 2597 283 2658 nonjam
295 2598 387 2644 secretis
398 2597 522 2659 colloquiis,
541 2597 581 2644 sed
596 2603 674 2658 aperte
688 2593 736 2645 fte-

63 2674 134 2716 mere,
146 2659 211 2706 Dum
227 2661 307 2708 histrio
324 2663 451 2710 cubiculum
466 2661 574 2724 principis
584 2660 736 2715 insultaverit,

63 2725 163 2773 dedecus
181 2725 272 2788 quidem
289 2727 392 2788 illatum3
409 2728 453 2777 sed
468 2727 594 2776 discum
603 2726 692 2786 punem
707 2723 765 2791 eof*

57 2789 142 2838 fnisse:
160 2807 225 2842 nunc
235 2795 358 2858 juvenem
376 2788 493 2852 scudem,
506 2789 628 2856 digmmlc
639 2785 779 2829 ism‘ffi‘

48 2856 131 2904 meni·
171 2881 185 2910 ’Δ
219 2884 312 2907 sessu
345 2890 351 2910 s
394 2888 435 2908 ss.
470 2886 485 2910 ἱ,
536 2841 823 2906 ωςῦἷωὼῳ’
