1680 2910
120 127 153 176 ⁷2
200 124 394 175 ANNALIUM
408 124 507 175 Lrall.
519 125 633 178 Candd.
665 127 783 178 luc-m

121 257 168 305 rius
178 271 214 305 res
224 264 301 319 gestas
317 255 377 319 apud
393 264 494 303 senatum
511 256 645 305 celebrarit:
665 264 689 305 et
704 258 789 306 decre·

121 319 175 368 rere
186 329 260 382 patres
274 321 416 383 triumphalia
430 322 544 384 insignia
560 321 621 383 quod
632 319 737 378 Camillo,
754 325 784 370 oh

120 385 253 432 modestiam
263 387 325 440 vitae,
335 387 426 445 impune
434 384 485 431 fuit.

122 481 148 528 U
159 479 187 531 G
195 484 238 529 ,m
313 448 384 496 LIII.
395 449 495 509 Sequens
502 464 575 497 annus
582 447 698 497 'liberium
709 451 783 506 tertio,

132 512 185 595 J‘c
202 513 250 592 13⁸
282 514 442 562 Germanicum
464 513 544 560 iterum
563 514 667 562 mucules
688 515 780 564 habuit:

149 580 155 592 ⁴
185 579 192 593 '
232 579 239 627 ¹.
282 579 321 625 sed
331 593 382 624 eum
391 578 498 624 honorem
508 577 657 625 Germanicus
664 580 714 626 iniit
724 580 783 641 apud

121 645 199 690 urbem
210 641 305 689 Achaiae,
315 641 450 702 Nicopolim,
461 657 506 702 quo
517 651 656 704 veneratpar
667 642 782 705 Illyricam

122 723 192 761 oram,
207 707 257 753 viso
267 705 335 752 fratre
345 705 432 763 Druso,
450 707 474 752 in
492 703 606 754 Delmatid
621 715 710 769 agents,
730 707 782 756 lla·

122 771 209 819 driatici
226 787 252 818 ac
263 784 316 817 mox
328 769 388 817 lonii
400 771 467 816 maris
482 771 598 818 adversam
614 772 782 834 nangrtionem

122 850 247 900 perpessus.
280 832 354 898 Igitur
370 850 453 897 paucm
470 835 517 882 dies
535 836 640 883 insumsit
656 836 782 884 reficiendae

124 901 204 949 classi:
223 900 290 947 simul
300 900 371 954 sinus,
384 898 478 946 Actiaci
487 898 581 947 victorii
590 899 695 962 inclytos,
711 909 735 948 et
745 917 782 949 sa·

123 973 196 1012 cratas
206 966 234 1011 ah
244 964 351 1027 Augusto
361 965 476 1012 manubias
485 972 601 1025 castraque
612 963 714 1020 Antonii,
730 981 782 1013 cram

124 1030 278 1077 recordatione
288 1030 396 1091 majorum
413 1043 503 1076 suorum
518 1029 586 1076 adiit:
606 1044 702 1092 namque
712 1030 740 1084 ai,
757 1038 787 1078 ut

124 1095 254 1149 memoravi,
282 1094 406 1142 avunculus
432 1093 556 1156 Augustus,
584 1108 639 1141 avus
667 1094 788 1143 Antonius

125 1165 204 1217 erant;
222 1173 347 1221 magnaque
364 1159 409 1204 illic
427 1158 503 1221 imago
518 1158 616 1205 tristium
626 1159 783 1220 laetorumque.

126 1221 190 1270 Hinc
201 1230 293 1271 ventum
307 1223 417 1278 Athenas,
434 1222 558 1284 soederique
574 1223 642 1270 sociae
652 1231 677 1270 et
686 1231 784 1272 vetustae

124 1289 186 1334 urbis
207 1288 290 1344 datum,
312 1296 337 1334 ut
358 1302 404 1334 uno
425 1287 504 1335 lictore
522 1293 628 1338 uteretur·
663 1287 703 1335 Ex
746 1286 757 1304 “

127 1353 204 1400 Graeoi
214 1352 376 1412 quaesitissimis
386 1352 512 1406 honoribus,
529 1360 607 1400 vetera
617 1303 788 1402 sucronem
802 1358 805 1363 ’

126 1417 227 1478 dictaque
238 1415 388 1480 praeferentes,
407 1432 452 1478 quo
468 1417 519 1480 plus
536 1417 672 1481 dignationis
686 1418 784 1466 adulatio

125 1484 222 1531 haberet.
786 1512 790 1521 ·

159 1546 226 1596 LIV.
243 1545 319 1596 Petitd
328 1545 479 1602 iudeEuboed,
487 1547 610 1595 transmitit
618 1546 732 1605 Lesbum3
745 1549 784 1596 ubi

126 1612 252 1676 Agrippina
267 1613 389 1660 novissimo
406 1620 471 1675 partu
486 1611 570 1660 Juliam
581 1613 664 1659 edidits
683 1622 731 1660 tum
743 1629 784 1660 ex·

126 1684 198 1726 trema
208 1679 278 1734 Asia,
291 1677 466 1739 Perinthumque
480 1692 507 1724 ac
518 1676 665 1737 Byzantium,
677 1676 785 1726 Thfficias

125 1745 199 1797 urbes,
216 1758 271 1790 mox
290 1742 433 1802 Propontidis
450 1743 565 1803 angustias
581 1749 605 1788 et
622 1758 648 1789 oa
664 1741 785 1790 Ponticum

127 1809 202 1862 intrat,
213 1807 316 1869 cupidine
325 1814 414 1854 veteres
428 1808 489 1854 locos
505 1815 529 1853 et
538 1804 599 1852 famd
609 1807 731 1854 celebratos
741 1823 784 1854 no·

127 1873 220 1930 scendi3
237 1873 361 1934 pariterque
371 1872 503 1933 prouincias,
519 1871 612 1917 internis
626 1872 785 1920 certaminibus

127 1946 166 1984 aut
177 1937 347 2000 magistratuum
353 1937 439 2000 injuriis
448 1936 524 1989 fessas,
540 1935 665 1983 refovebatr
679 1944 747 1998 atque
756 1937 785 1983 il·

126 2003 173 2049 lum
184 2004 209 2051 in
220 2017 323 2064 regressu
340 2017 402 2048 sacra
413 2001 581 2049 Samothracum
592 2001 665 2047 visere
675 2001 785 2048 nitentem

127 2068 186 2114 obvii
197 2068 312 2128 aquilones
323 2064 432 2128 depulisse.
465 2063 540 2127 Igitur
550 2065 577 2111 ab
588 2062 640 2122 Ilio,
652 2080 748 2126 quaeque
755 2067 785 2114 ibi

126 2133 235 2180 vanatate
244 2132 342 2178 fortuna
352 2138 376 2178 et
386 2131 457 2178 nostri
473 2130 561 2191 origine
575 2130 708 2184 veneranda,
727 2131 793 2178 rele·.

127 2198 162 2259 git
178 2196 264 2251 Asiam,
276 2196 407 2258 appellitque
417 2194 557 2256 Colophona,
572 2201 598 2240 ut
614 2191 684 2242 Clarii
695 2194 792 2256 Apolli--

127 2262 163 2308 nis
173 2262 263 2308 oraculo
271 2268 377 2308 uteretur.
401 2260 456 2307 Non
466 2259 550 2306 semina
560 2258 610 2311 illic,
622 2266 648 2304 ut
658 2260 717 2321 apud
725 2258 785 2307 Del·

126 2327 190 2390 phos,
202 2326 241 2373 sed
252 2325 318 2372 certis
328 2341 342 2372 e
352 2324 446 2379 familiis,
466 2332 489 2370 et
504 2324 575 2370 fenne
594 2322 677 2369 Mileto
692 2325 785 2381 accitus,

127 2390 231 2438 sacerdos
246 2405 363 2437 numerum
380 2391 447 2436 modo
466 2388 640 2435 consultantium
660 2394 683 2433 et
694 2390 792 2436 nomina·

126 2456 201 2502 audit:
221 2463 269 2502 tum
280 2455 304 2500 in
315 2470 405 2516 specum
416 2455 541 2516 degressus,
552 2449 632 2498 haustd
641 2451 711 2498 fontis
722 2469 785 2502 arca·

126 2521 149 2566 ni
161 2518 224 2580 aqud,
239 2520 335 2583 ignarus
349 2521 480 2581 plerumque
495 2518 607 2564 literarum
619 2523 642 2562 et
653 2519 785 2572 carminum,

112 2583 282 2650 edittespousa
301 2587 403 2637 versibus
414 2584 549 2652 compositis
566 2597 632 2645 super
642 2583 719 2637 nehus,
732 2599 785 2642 uf·-
