1680 2910
85 132 117 176 26
182 124 375 175 ANNALIUM
392 125 472 176 Lml.
489 124 595 176 crati.
631 127 760 177 occur.

86 257 110 303 in
121 257 220 305 Raetiam
232 257 359 314 mittuntur,
376 258 451 320 specie
462 256 608 305 defendendae
619 258 751 320 provinciae,
794 268 797 273 ·

87 323 117 369 ob
124 323 267 369 imminentes
274 323 377 380 Suevos3
389 330 502 377 caeterum,
510 329 535 369 ut
542 323 693 370 avellerentur
701 339 752 370 cas-

87 388 134 440 tris,
153 388 251 434 trucibus
268 389 346 442 adhuc,
365 403 411 435 non
431 389 505 434 minus
521 388 640 448 asperitate
659 388 753 434 remedii

88 466 155 511 quarn
167 452 257 500 sceleris
267 452 382 500 memorii.
416 450 603 500 centurionatum
621 453 674 499 inde
685 453 749 515 egit:

86 516 168 563 citatus
178 517 206 565 ab
215 518 356 579 imperatore,
372 533 462 570 nomen,
473 518 581 572 ordinem,
593 519 695 578 patriam,
708 533 752 564 nu-

87 595 175 629 merum
186 584 352 644 stipendiorum,
371 597 422 642 quae
440 590 531 629 strenue
546 584 570 628 in
586 582 672 643 proeliis
682 582 751 644 iecis-

86 655 138 703 set;
156 655 180 693 et
193 648 229 694 cui
243 656 307 695 erant
318 648 376 694 dona
385 642 495 702 militaria,
507 647 592 694 edebat.
624 647 650 694 si
661 647 751 703 tribuni,

88 711 108 758 si
127 712 187 773 legio
203 712 334 759 industriam
353 713 549 773 innocentiamque
568 713 751 774 approbaverant,

88 777 197 824 retinebat
214 779 313 825 ordines:
333 778 370 824 ubi
389 777 510 831 avaritiam,
531 783 570 823 aut
588 777 751 833 crudelitatem,

89 856 202 888 consensu
213 843 391 904 objectavissent,
401 841 527 888 solvebatur
536 838 622 888 militib.

122 906 203 953 XLV.
221 907 259 953 Sic
277 907 406 968 compositis
424 907 577 973 presentibus,
600 906 659 952 baud
678 906 753 965 minor

89 972 161 1018 moles
170 979 290 1032 supererat,
299 973 327 1018 ob
334 970 438 1017 ferociam
447 971 532 1030 quintae
540 977 563 1016 et
569 971 753 1018 unaetvicesimrs

82 1037 212 1098 legionum,
231 1037 394 1098 sexagesimum
406 1036 464 1097 apud
474 1035 570 1097 lapidem
587 1035 649 1098 (loco
666 1034 753 1082 Vetera
777 1041 780 1045 '

90 1116 173 1149 nornen
191 1099 237 1162 est)
258 1101 435 1147 bibemsntiumz
459 1115 510 1146 nam
529 1100 595 1161 primi
617 1099 752 1147 seditionem

90 1173 258 1227 coeptaverant:
278 1167 440 1213 atrocissimum
455 1165 558 1226 quodque
573 1163 660 1211 facinus
671 1166 753 1211 horum

91 1232 193 1278 manibus
203 1239 330 1294 patratum:
350 1245 391 1276 nec
408 1229 476 1292 prend
486 1229 664 1276 commilitonum
676 1224 753 1275 exter'-

90 1297 127 1342 riti
139 1311 180 1343 nec
190 1294 323 1358 poenitentid
339 1296 449 1348 conversi,
460 1295 504 1341 iras
515 1295 646 1341 retinebant.
678 1292 755 1360 igitur

91 1359 172 1409 Caeaar
187 1377 255 1415 arma,
267 1361 367 1415 classem,
380 1361 452 1406 socios
463 1359 579 1406 demittere
589 1358 672 1407 Rheno
683 1365 754 1421 parat,

91 1427 110 1472 si
121 1426 238 1487 imperium
251 1425 393 1482 detrectetur,
404 1425 464 1470 bello
474 1431 606 1470 certaturus.
757 1423 759 1427 '

123 1488 217 1536 XLVL
242 1491 277 1537 At
291 1489 374 1536 Rome
390 1489 489 1536 nondum
506 1489 605 1550 cognito,
621 1487 660 1549 qui
673 1486 755 1534 inisset

90 1556 165 1601 exitus
176 1556 198 1600 in
210 1552 309 1615 Illyrico,
327 1563 351 1600 et
366 1555 480 1616 legionum
493 1553 678 1600 Germanicarum
689 1559 756 1599 motu

91 1620 174 1675 audito,
185 1619 270 1681 trepida
281 1620 358 1666 civitas
366 1621 468 1665 incusare
479 1617 600 1673 Tiberium,
617 1617 684 1678 quod,
700 1618 754 1663 dum
776 1621 779 1629 '

90 1692 165 1746 patres
181 1692 205 1730 et
224 1684 317 1745 plebem,
336 1684 433 1731 invalida
453 1690 477 1729 et
495 1683 594 1738 inermia,
611 1682 756 1729 cunctatione

91 1747 143 1795 ficti
158 1748 291 1803 ludificetur,
305 1750 410 1796 dissideat
425 1749 514 1795 interim
529 1748 600 1801 miles,
612 1762 686 1807 neque
697 1747 755 1793 duo-

89 1828 139 1860 rum
151 1814 324 1861 adolescentium
335 1815 435 1861 nondum
452 1810 528 1860 adulti
544 1813 677 1860 auctoritate
687 1827 753 1859 com·

90 1879 155 1941 primi
167 1885 245 1939 queat:
265 1881 298 1925 ire
312 1881 384 1941 ipsum
395 1885 420 1924 et
429 1892 541 1940 opponere
557 1879 697 1940 majestatem
711 1877 756 1922 im-

91 1945 225 2006 peratoriam
243 1945 352 1999 debuisse,
374 1944 476 1997 cessuris,
493 1943 529 1988 ubi
546 1943 668 2004 principem
685 1938 757 2003 longd

92 2007 236 2070 experientii,
255 2010 403 2069 eumdemque
420 2007 545 2055 severitatis
560 2014 584 2053 et
595 2005 757 2053 munificentias

90 2088 204 2120 summum
223 2075 342 2121 vidissent,
373 2073 412 2119 An
436 2074 575 2134 Augustum,
596 2069 659 2118 iered
680 2077 755 2126 aetate,

92 2139 159 2185 toties
170 2139 194 2184 in
210 2140 344 2186 Germanias
360 2153 485 2184 commeare
501 2137 614 2197 potuisse3
631 2134 755 2190 Tiberium,

92 2204 208 2265 vigentem
216 2205 287 2259 annis,
296 2205 373 2250 sedere
382 2203 406 2249 in
415 2210 500 2256 senatu,
509 2203 576 2248 verba
586 2210 674 2263 patrum
685 2200 755 2246 cavil-

92 2268 194 2314 lantem?
227 2269 287 2316 Satis
298 2275 439 2330 prospectum
457 2267 547 2313 urbanae
559 2266 675 2313 servituti:
695 2263 755 2310 mili-

92 2333 176 2396 taribus
192 2335 272 2381 animis
291 2333 413 2380 adhibenda
434 2332 549 2400 fomenta,
564 2339 589 2379 ut
603 2330 662 2378 serre
677 2343 768 2392 pacem·

91 2397 171 2445 velint

124 2461 233 2509 XLVII.
250 2461 372 2510 Immotum
381 2462 487 2509 adversus
498 2476 537 2508 eoa
548 2474 664 2509 sermones
671 2457 754 2506 fixum·

88 2543 135 2588 que
146 2527 237 2575 Tiberio
246 2527 295 2585 fuit,
308 2544 353 2576 non
366 2528 471 2576 omittere
478 2534 546 2590 caput
554 2541 641 2581 rerum,
649 2539 724 2582 neque
733 2537 759 2569 se

74 2607 172 2654 remque
181 2595 303 2656 publicam
320 2597 342 2644 in
354 2611 436 2645 casum
454 2594 518 2642 dare.
549 2591 634 2638 Multa
648 2589 772 2653 quamv}

61 2655 157 2707 diversa
176 2665 327 2727 angebants
340 2665 445 2717 validior
464 2677 515 2728 per,
526 2653 686 2708 Germaniam
694 2658 784 2694 emax·
