1680 2910
45 2484 99 2688 l

112 157 162 204 264
298 131 599 200 'surmannmuns
666 152 787 206 acan.

144 282 190 348 [Iis
211 281 337 330 rumoribus
358 283 467 346 gliscebat
488 289 576 330 terror:
598 280 707 338 increvit.
731 298 782 332 cum

112 350 232 402 theatrum,
252 348 363 396 destrictis
382 348 471 411 gladiis,
491 343 653 395 circumsidere
673 346 785 396 Germani

113 415 211 470 milites3
229 428 318 474 araeque
335 413 434 474 praefixis
451 413 577 460 occisorum
595 413 717 476 capitibus,
733 414 785 477 quid

114 480 218 527 omnibus
230 479 357 525 immineret
367 478 460 541 periculi
471 475 622 525 ostentavere.
648 476 736 527 Cuncti
746 495 784 527 re·

115 546 176 590 niam
195 543 335 604 salutemque
354 544 454 590 orabant.
485 540 621 598 Temeritas,
635 558 690 605 quae
709 544 734 590 in
745 559 783 592 ex·

112 610 190 655 tremis
206 609 265 655 valet
283 609 411 670 plurimum,
429 608 613 669 tranquillitatem
626 609 781 657 securitatem·

113 688 157 734 que
168 673 283 736 inopinato
295 674 376 720 attulit.
410 672 509 727 Quidam
521 673 582 719 enim
594 672 731 729 Arruntius,
747 690 781 721 re·

112 754 163 786 rum
175 739 287 786 venalium
298 739 412 802 praeconio
423 739 520 799 indeque
530 739 601 801 partis
611 739 695 800 opibus
711 738 781 786 famo·

113 819 161 861 sus,
181 802 229 851 atria
239 811 310 858 veste,
329 803 468 864 sunereoque
478 803 570 867 planctu
581 803 698 850 theatrum
711 804 782 860 subiit,

112 878 137 916 et
149 867 231 918 Caium
243 867 359 916 Caesarem
370 875 484 915 mortuum
501 882 551 915 esse
560 867 714 928 vociferavit3
731 884 783 917 mox

113 936 299 989 circumcursans,
317 934 425 980 militibus
444 933 531 996 gladios
542 933 667 980 conderent
679 935 781 983 renunti-

113 1000 167 1046 avit.
200 999 247 1047 His
257 998 326 1055 furor,
338 1000 427 1046 eaeteris
437 1008 510 1045 terror
520 999 597 1045 statim
607 999 733 1062 relanguit.

146 1061 230 1128 [Haud
238 1064 302 1112 aliter
314 1065 391 1111 sedata
403 1063 473 1110 Urbis
483 1064 627 1125 perturbatio.
663 1063 780 1113 Praetoriis

113 1131 242 1176 cohortibus
261 1127 417 1176 interfectores
439 1128 586 1190 undequaque
604 1130 779 1194 pervestiganti·

113 1196 162 1249 bus,
183 1195 345 1257 trepidantique
362 1194 446 1257 populo
464 1195 562 1242 occurrit
577 1192 686 1242 Valerius
697 1195 781 1244 Asiati-

115 1275 162 1316 cus,
175 1261 305 1316 consularis,
317 1259 445 1323 magnique
455 1259 480 1305 in
488 1258 597 1307 concione
607 1259 696 1307 utinam
708 1261 749 1309 abs
759 1276 782 1309 se

114 1332 201 1387 patrata
211 1333 273 1372 esset
284 1325 358 1372 caedes
368 1325 506 1372 inclamavit.
538 1321 614 1372 Tanti
623 1323 712 1373 ferocia
722 1340 781 1374 rese·

114 1387 167 1437 dere
178 1391 263 1448 animi3
283 1397 307 1436 et
321 1391 345 1436 in
365 1391 453 1453 publica
471 1388 521 1438 Caii
538 1390 641 1437 convicia
658 1390 781 1443 discessum

112 1462 154 1502 est
183 1453 264 1502 Crevit
274 1456 372 1511 audacia,
384 1470 435 1503 cum
448 1453 562 1510 Clemens,
574 1470 642 1516 quem
655 1470 725 1519 supra
735 1472 782 1504 me·

113 1521 206 1575 moravi,
231 1520 389 1568 Minucianum
409 1527 549 1581 caeterosque
571 1527 694 1576 senatores,
715 1523 783 1570 caedis

114 1586 225 1642 conscios,
245 1587 273 1632 ad
293 1601 317 1632 se
336 1586 444 1633 adductos
464 1586 565 1643 remisit;
589 1583 719 1647 Gaiumque
737 1602 782 1634 non

113 1650 277 1706 Romanorum,
297 1651 337 1698 sed
348 1653 394 1698 suis
405 1652 457 1698 telis
472 1649 602 1697 confossum
619 1652 714 1713 periisse
730 1667 781 1715 pro·

112 1716 185 1762 sessus
197 1724 238 1772 est,
257 1718 331 1764 occiso
348 1717 442 1779 principi
453 1715 618 1771 infestissimus,
639 1717 701 1777 quod
718 1725 783 1764 antea

113 1781 212 1828 timidus.

147 1843 193 1909 [At
213 1848 317 1894 consules
337 1847 428 1895 Sentius
448 1845 582 1894 Saturninus
601 1852 624 1893 et
641 1846 783 1910 Pomponius

115 1912 239 1966 Secundus,
257 1914 398 1974 gravioribus
410 1913 475 1959 rebus
486 1913 575 1967 intenti,
594 1911 702 1974 despectis
713 1912 782 1966 curia,

114 1977 167 2038 quia
177 1976 238 2024 Julia
257 1979 385 2032 vocabatur,
404 1977 478 2024 forum
493 1976 676 2039 Capitoliumque
688 1993 784 2040 occupa·

112 2050 208 2099 verant;
221 2044 337 2105 jussisque
355 2043 445 2090 urbanis
461 2044 590 2089 cohortibus
607 2043 700 2089 senatils
718 2058 783 2090 secu·

113 2108 171 2153 ritati
190 2108 314 2170 invigilare,
336 2110 434 2155 edictum
455 2107 512 2156 Caio
528 2107 719 2154 contumeliosum
731 2124 784 2170 pro·

114 2171 217 2232 posuira
230 2173 341 2235 promissb
351 2174 434 2235 populo
451 2173 595 2234 vectigalium
615 2173 783 2227 imminutione,

115 2238 221 2282 militibus
232 2240 346 2292 donativo,
367 2240 386 2284 si
397 2240 491 2298 quisque
510 2239 601 2283 domum
614 2252 638 2284 se
649 2240 784 2300 reciperent,

114 2309 137 2347 et
149 2317 162 2347 a
174 2304 270 2349 tumultu
282 2320 308 2351 ac
320 2305 479 2365 direptionibus
490 2303 633 2349 abstinerent.
667 2302 732 2349 Exin
744 2319 784 2349 co·

114 2367 157 2412 acti
173 2375 248 2427 patres
266 2370 294 2414 de
310 2368 384 2414 sormi
401 2369 519 2430 regiminis
537 2365 703 2414 consultavere.
737 2368 784 2414 Alii

114 2431 244 2477 abolendam
266 2432 383 2481 Caesarum
406 2435 545 2487 memoriam,
564 2433 672 2479 diruenda
691 2433 784 2494 templa,

114 2494 239 2542 libertatem
253 2499 427 2555 restituendam3
445 2499 481 2545 alii
494 2498 633 2544 retinendam
646 2498 784 2545 dominatio-

111 2572 164 2609 nem
186 2561 302 2610 censuere.
334 2563 378 2616 l·li,
393 2564 507 2610 uariasin
522 2571 597 2623 partes
617 2562 726 2616 distracti,
744 2580 785 2625 pro

109 2625 153 2677 sui
178 2644 219 2696 spe
242 2639 285 2680 aut
301 2628 399 2680 iortunb
416 2629 521 2674 dicessus
539 2625 655 2685 plincipes
675 2626 796 2670 beatu-axe.
