1680 2910
55 132 151 172 J.c.1a.
209 126 623 177 ANNALIUMLm1.crr.ar.
690 129 722 176 15

56 259 156 306 interae
175 260 278 321 legiones
296 267 377 307 octava
398 268 422 307 et
445 260 617 320 quintadecuma
634 259 719 305 ferrum

55 325 179 386 parabant3
195 325 248 371 dum
260 325 421 379 centurionem,
436 332 587 388 cognomento
600 325 719 386 Sirpicum,

55 389 94 436 illa
105 391 172 436 morti
184 390 291 452 deposcit,
298 391 491 451 quintadecumani
502 397 608 446 tuentur3
619 390 643 435 ni
655 388 721 434 miles

56 469 160 501 nonanus
168 470 253 516 preces,
264 462 294 512 et,
303 456 421 503 adversum
429 456 594 517 adspernantes,
601 455 674 500 minas
684 454 721 499 in·

56 520 188 579 teqjecisset.

89 583 188 631 XXIV.
206 583 267 631 Haec
288 585 368 640 audita,
392 600 525 646 quamquam
547 586 674 631 abstrusum
696 589 720 629 et

56 649 185 696 tristissima
202 664 297 711 quaeque
310 652 408 697 maxime
429 651 585 704 occultantem,
604 647 720 694 'liberium

56 712 181 777 perpulere,
193 722 218 761 ut
229 714 333 761 Drusum
343 714 413 762 filium
425 731 476 762 cum
483 715 616 776 primoribus
624 713 721 759 civitatis

57 779 188 839 duabusque
202 781 313 841 praetoriis
329 781 457 827 cohortibus
467 781 571 834 mitteret,
590 779 657 825 nullis
668 777 722 824 satis

57 842 126 890 certis
136 845 262 901 mandatis3
279 860 308 891 ex
317 860 341 891 re
348 846 515 892 consulturum:
535 854 558 891 et
566 845 669 889 cohortes
680 842 720 888 de·

57 906 117 955 lecto
131 910 203 956 milite
214 925 281 970 supra
291 911 382 956 solitum
393 910 494 957 firmatae.
527 909 624 955 Additur
638 922 722 968 magna

56 987 110 1034 pars
119 975 247 1035 praetoriani
259 975 345 1034 equitis,
364 983 388 1021 et
404 976 483 1021 robora
495 975 667 1027 Germanorum,
683 971 721 1032 qui

57 1045 107 1084 turn
127 1039 232 1086 custodes
252 1040 381 1100 imperatori
405 1040 509 1086 aderant:
535 1039 602 1085 simul
622 1036 722 1099 praetorii

57 1100 185 1165 praefectus,
200 1102 277 1150 AElius
286 1106 387 1164 Sejanus,
399 1105 487 1165 collega
498 1103 601 1149 Straboni
611 1103 669 1164 patri
680 1117 722 1147 suo

53 1166 130 1222 datus,
143 1167 226 1230 magnai
240 1170 299 1230 apud
313 1169 428 1214 Tiberium
444 1170 582 1222 auctoritate,
599 1174 672 1213 rector
681 1167 721 1228 ju·
790 1169 792 1174 '

56 1233 117 1287 reni,
128 1241 152 1278 et
160 1234 248 1280 caeteris
264 1235 413 1296 periculorum
424 1234 612 1296 praemiorumque
622 1238 722 1278 ostenta·

35 1350 40 1359 Ι
57 1303 101 1343 toa·
133 1297 213 1344 Druso
227 1299 392 1361 propinquanti,
403 1299 466 1359 quasi
477 1313 517 1360 per
531 1297 637 1350 officium,
649 1296 722 1343 obviae

56 1359 121 1408 suere
132 1362 241 1424 legiones,
256 1364 381 1416 nonnette,
396 1372 423 1411 ut
436 1363 524 1418 assolet,
541 1377 615 1422 neque
625 1361 721 1422 insigni·

57 1427 99 1474 bus
116 1427 238 1490 fulgentes,
253 1429 292 1475 sed
310 1429 387 1475 illuvie
403 1428 503 1482 deformi,
519 1434 541 1475 et
555 1427 627 1480 vultu,
643 1440 723 1488 quam·

10 1513 13 1518 ⁷
57 1506 124 1553 quam
136 1494 267 1540 moestitiam
278 1494 424 1550 imitarentur,
436 1493 583 1540 contumaciae
594 1493 716 1553 propiores·

91 1556 175 1604 XXV.
193 1557 318 1620 Postquam
329 1559 412 1606 vallum
424 1560 516 1611 introiit,
529 1568 604 1619 portas
620 1555 722 1604 stationi·

56 1623 99 1670 bus
105 1622 196 1670 firmant
205 1641 210 1669 :
230 1624 310 1686 globos
319 1632 454 1671 armatorum
463 1624 529 1670 certis
536 1631 657 1670 castrorum
666 1621 722 1668 locis

58 1689 255 1751 opperirijubentz
276 1692 350 1736 caeteri
363 1690 458 1735 tribunal
472 1690 560 1749 ingenti
576 1689 667 1750 agmine
678 1687 721 1733 cir·

56 1755 214 1800 cumveniunt.
245 1754 323 1800 Stabat
341 1753 439 1808 Drusus,
458 1754 569 1799 silentium
586 1768 653 1800 manu
668 1767 722 1812 pos·

59 1832 124 1865 cens:
145 1819 184 1872 illi,
196 1821 284 1878 quoties
295 1820 372 1865 oculos
384 1820 411 1865 ad
419 1818 583 1865 multitudinem
593 1818 722 1871 retulerant,

57 1884 152 1929 vocibus
168 1884 301 1930 truculentis
318 1893 433 1944 strepere3
450 1899 544 1938 rursum,
557 1885 607 1928 viso
624 1881 723 1935 Caesare,

58 1948 184 2009 trepidare:
204 1964 306 1995 murmur
324 1950 451 1995 incertum:
471 1958 536 1995 atrox
547 1949 638 1999 clamor,
653 1954 676 1992 et
688 1961 724 1992 re·

58 2019 127 2074 pente
141 2013 218 2074 quies:
238 2015 332 2061 diversis
351 2015 476 2060 animorum
493 2013 597 2065 motibus,
614 2012 725 2074 pavebant

59 2078 223 2138 terrebantque.
254 2077 367 2135 Tandem,
386 2079 511 2140 interrupto
527 2077 631 2131 tumultu,
648 2077 725 2122 literas

58 2143 128 2202 patris
145 2144 230 2197 recitat,
247 2141 332 2204 inquis
347 2144 494 2206 perscriptum
505 2150 563 2189 erat:
584 2140 724 2202 Praecipuum
760 2186 764 2194 ,

58 2207 101 2269 ipsi
112 2207 284 2254 fortissimarum
302 2208 417 2270 legionum
429 2223 511 2262 curam,
531 2208 663 2268 quibuscum
674 2205 725 2267 plu·

59 2273 117 2318 rima
125 2272 183 2319 bella
194 2273 349 2320 toleravisset:
370 2275 406 2320 ubi
418 2275 514 2334 primum
526 2288 539 2318 a
550 2273 613 2318 luctu
624 2268 726 2330 requies·

58 2344 95 2383 set
105 2337 200 2390 animus,
211 2349 314 2385 acturum
323 2339 381 2400 apud
387 2347 461 2400 patres
469 2339 497 2384 de
504 2338 623 2399 postulatis
630 2350 722 2382 eorumr

58 2402 149 2448 misisse
165 2403 255 2449 interim
270 2403 349 2459 filium,
367 2411 392 2450 ut
402 2404 451 2450 sine
462 2404 605 2449 cunctatione
615 2401 739 2452 concede,

59 2473 101 2520 ret,
114 2482 166 2526 quae
183 2469 258 2514 statim
270 2469 335 2516 tribui
346 2477 457 2534 possent:
478 2476 566 2518 caetera
583 2467 678 2516 senatui
692 2477 745 2509 ser·

56 2531 132 2604 ‘'ml''
144 2547 210 2591 ΨΜ
218 2539 385 2601 nequegratiae
393 2555 472 2605 neque
480 2537 623 2589 seueritatis
633 2535 765 2594 expertem

43 2592 120 2637 mm
127 2611 170 2656 par
181 2607 249 2646 esset.

11 2720 14 2747 z
66 2652 167 2706 XXVI.
184 2662 348 2732 Responsum
362 2685 402 2728 est
415 2695 433 2728 a
442 2677 584 2732 concione,
592 2652 799 2719 manassem·
