1710 3218
82 496 128 542 190
177 492 369 540 ANNALIUM
386 491 492 540 LnsVI.
503 490 592 542 Cares.
626 497 656 535 U.
666 495 692 535 c·
702 497 750 542 78⁵.

80 626 109 668 tis
119 622 192 670 Liviae
204 623 302 685 flagitiis,
314 639 340 673 ac
351 639 398 670 non
408 624 495 685 pridem
506 624 573 670 etiam
584 623 676 697 punitis,
686 630 749 670 atra·

80 704 118 734 ces
135 690 253 734 sentcntiae
269 689 403 744 dicebantur,
424 690 447 735 in
463 689 499 735 effi
517 690 549 735 ‘es
559 704 649 750 quoque
660 703 687 735 ac
698 703 749 735 me·

79 754 174 799 moriam
185 754 240 814 ejus,
259 760 284 800 et
296 754 356 800 bona
368 752 443 816 Sejani
454 704 527 801 ablall
537 755 624 808 aerario,
636 761 662 800 ut
673 754 697 799 in
708 752 748 800 iis·

81 832 132 863 cum
144 826 294 879 cogerentur:
313 827 427 879 tamquam
439 818 538 865 referret.
571 818 689 880 Scipiones
697 819 749 866 haec

81 889 105 929 ct
117 882 186 928 Silani
198 893 221 929 et
233 880 313 943 Cassii,
333 884 412 929 lisdem
429 883 500 930 femie
510 890 549 930 aut
560 883 651 944 paulum
662 885 747 930 imma·

80 948 133 992 tatis
144 949 224 1002 verbis,
236 949 400 995 asseveratione
410 947 483 994 multa
492 949 628 1005 censebam
645 964 699 995 cum
710 964 748 995 re·

80 1021 147 1074 pente
169 1011 288 1074 Togonius
311 1013 399 1067 Gallus,
424 1014 477 1060 dum
496 1013 660 1076 ignobilitatem
682 1028 749 1060 suam

81 1079 170 1139 maguis
181 1078 308 1124 nominibus
326 1078 410 1133 inserit,
430 1094 471 1140 per
487 1079 633 1125 deridiculum
651 1079 749 1126 auditur.

82 1141 144 1188 Nam
156 1144 278 1205 principem
296 1144 378 1198 orabat,
399 1143 497 1206 deligere
516 1151 636 1199 senatores,
652 1158 682 1190 ex
696 1144 749 1205 qula

83 1209 171 1270 viginti,
190 1219 250 1255 sorte
267 1208 328 1254 ducti
339 1219 362 1255 et
371 1207 431 1255 ferro
443 1209 543 1264 accincti,
562 1210 651 1269 quoties
661 1209 748 1255 curiam

83 1271 168 1328 inisset,
188 1273 281 1320 salutem
293 1274 341 1336 ejus
352 1273 503 1321 defenderent.
537 1271 669 1322 CredIderat
680 1274 749 1320 nimi·

83 1354 132 1384 rum
151 1338 259 1400 epistolae,
279 1339 376 1384 subsidio
395 1339 436 1384 sibi
455 1339 550 1384 alterum
570 1353 599 1385 ex
617 1338 749 1385 concidibus

80 1405 200 1465 poscentis,
219 1412 244 1448 ut
260 1410 345 1449 tutusa
358 1402 450 1465 Capreis
463 1402 548 1450 Urbem
560 1411 654 1465 peteret.
675 1402 746 1450 Tibe·

82 1469 128 1513 rius
148 1478 230 1522 tamen,
252 1468 346 1515 ludibria
364 1470 427 1516 seriis
444 1469 577 1529 permiscere
595 1469 682 1523 solitus,
699 1468 748 1530 egit

81 1541 157 1595 grates
167 1533 331 1580 benevolentiae
342 1541 446 1595 patrum:
460 1533 500 1579 sed
510 1548 567 1594 quos
578 1534 652 1580 omitti
663 1533 747 1595 posse?

82 1613 138 1658 quos
150 1597 237 1660 deligi?
254 1613 341 1660 semper
352 1615 381 1647 ne
392 1598 500 1645 eosdem?
517 1614 545 1645 an
562 1598 656 1645 subinde
671 1597 747 1645 alios?

83 1670 106 1710 et
117 1664 238 1709 honoribus
253 1662 390 1724 perfunctos,
402 1662 553 1726 anjuvenes?
568 1664 675 1726 privatos,
692 1679 749 1711 ane

83 1727 269 1789 magistratibus?
285 1743 351 1787 quam
367 1729 446 1774 deinde
465 1731 560 1791 speciem
579 1728 634 1782 sore,
655 1743 748 1775 sumen·

82 1793 138 1840 tium
150 1793 173 1837 in
184 1792 261 1838 limine
272 1792 340 1838 curiae
351 1792 452 1854 gladios?
470 1808 543 1854 neque
555 1794 595 1840 sibl
605 1794 675 1840 vitam
683 1794 749 1849 tanti,

71 1858 100 1903 si
112 1857 179 1903 armis
191 1856 288 1918 tegenda
303 1856 369 1904 foret.
403 1857 463 1904 Haec
481 1858 588 1904 adversus
606 1857 748 1920 Togonium,

79 1923 154 1968 verbis
165 1922 297 1968 moderans:
318 1937 391 1983 neque
404 1924 463 1969 ultra
474 1923 616 1970 abolitionem
628 1922 749 1970 seutentlae

82 1987 182 2034 suadere.

113 2049 162 2097 111.
173 2052 207 2096 At
217 2044 234 2098 J
235 2051 311 2098 unium
322 2052 458 2107 Gallionem,
467 2054 504 2114 qni
516 2058 639 2107 censuerat,
652 2059 677 2098 nt
688 2068 748 2115 prae-

81 2116 169 2169 toriani,
179 2117 235 2162 actis
246 2117 368 2178 stipendiis,
375 2119 414 2181 jus
422 2118 574 2180 apiscerentur
581 2118 604 2163 ln
611 2118 749 2178 quatuorde-

82 2183 126 2227 cim
137 2180 251 2228 ordinibus
263 2182 361 2237 sedendi,
373 2182 483 2229 violenter
493 2183 604 2245 increpuit
608 2198 616 2240 ;
634 2182 698 2229 velut
710 2197 749 2228 co-

81 2262 128 2292 ram
141 2247 249 2308 rogitans,
269 2248 321 2308 quid
338 2248 370 2294 illi
387 2262 438 2294 curn
455 2244 581 2294 militibus?
597 2262 654 2308 quos
674 2262 749 2308 neque

83 2313 142 2358 dicta
152 2313 299 2373 imperatoris,
318 2324 391 2375 neque
424 2314 501 2359 raemia
518 2312 561 2358 nisi
575 2313 602 2358 ab
613 2312 750 2374 imperatore

82 2378 182 2440 accipere
193 2392 233 2438 par
244 2382 318 2424 essct:
342 2329 449 2440 rqrmlsse
465 2392 562 2439 prorsus,
575 2377 634 2439 quod
651 2374 685 2423 D.
698 2376 749 2422 Au·

82 2449 164 2504 gustus
175 2458 220 2488 non
232 2442 367 2503 providerit:
387 2458 416 2489 an
424 2443 499 2504 potius
510 2443 642 2489 discordiam
654 2448 677 2488 et
689 2442 749 2489 sedl-

83 2509 167 2553 tionem
180 2522 193 2552 a
205 2508 300 2553 satellite
320 2506 394 2569 Sejani
413 2508 538 2568 quaesltam,
556 2505 600 2569 qul
617 2506 684 2553 rudes
701 2506 751 2553 ani-

83 2588 133 2618 mos
151 2572 243 2617 nominc
258 2572 350 2617 honoris
362 2572 390 2618 ad
401 2573 587 2634 corrumpendum
600 2571 688 2616 militiae
700 2586 751 2616 mo-

82 2653 129 2682 rem
141 2636 293 2697 propelleret?
311 2635 365 2683 Hoc
375 2639 471 2698 pretium
482 2637 558 2684 Gallio
569 2637 683 2682 meditatae
694 2637 751 2682 adu·

81 2702 172 2747 lationis
184 2700 241 2755 tulit,
256 2703 330 2747 statim
342 2702 409 2758 curii,
422 2703 501 2749 deinde
514 2699 580 2748 ltalia
591 2708 699 2748 exactus:
720 2707 750 2755 et,

83 2767 135 2826 quia
153 2765 297 2812 incusabatur
314 2765 379 2813 facile
390 2769 524 2814 toleraturus
535 2767 645 2820 exsilium,
664 2763 753 2812 delectis

84 2830 167 2883 Lesbo,
186 2828 259 2876 insulis
269 2831 336 2876 nobili
348 2840 370 2878 ct
382 2831 476 2886 amoenir,
489 2832 608 2878 retrahitur
618 2832 641 2876 in
655 2830 751 2885 Urbem,

81 2895 251 2956 custoditurque
270 2897 372 2943 domibus
387 2898 567 2959 magistratuum.
601 2894 686 2941 Iisdem
698 2895 751 2941 lite·

79 2962 112 3008 ris
125 2957 206 3010 Caesar
218 2961 322 3009 Sextium
334 2961 494 3018 Paconianum,
511 2962 649 3023 praetorium,
668 2974 752 3022 percu·

6 3028 104 3054 ““·““
119 3042 210 3097 *agno
222 3036 316 3095 patrum
328 3029 421 3093 gaudio,
430 3027 545 3080 audacem,
552 3024 686 3079 rumelicum,
700 3039 752 3071 om·
