1680 2910
78 185 179 225 ,ιθ-15.
217 181 409 231 ANNALIUM
426 182 478 230 Lus
489 183 533 231 IV.
552 181 658 233 CAPAS.
699 190 742 234 151

81 319 156 361 coetus
177 328 297 373 vocesque,
318 329 370 374 quae
392 314 522 377 plerumque
537 330 599 362 verae
617 321 641 362 et
662 330 746 377 graves

81 393 156 425 coram
178 377 351 439 ingerebantur:
380 395 438 433 nam,
456 379 569 441 postulato
588 379 695 435 Votieno,
715 381 746 428 ob

80 443 229 489 contumelias
251 443 274 488 in
293 441 407 492 Caesarem
426 445 502 498 dictas,
517 445 581 491 testis
594 444 712 499 ·AEmilius,
730 461 744 492 e

79 507 212 555 militaribus
223 508 283 561 viris,
301 508 354 555 dum
370 510 444 556 studio
455 509 561 570 probandi
571 517 652 557 cuncta
668 509 744 565 refert,

79 579 109 627 et,
126 587 260 632 quamquam
278 573 336 619 inter
353 574 512 635 obstrepentes,
529 572 611 635 magni
628 590 743 622 assevera-

77 637 141 683 tione
152 638 237 691 nititur,
250 638 334 684 audivit
345 637 448 684 Tiberius
458 639 544 699 probra,
556 639 605 699 quis
615 655 655 700 per
666 639 742 686 occul·

79 708 129 748 tum
135 702 286 758 lacerabatur;
303 704 402 763 adeoque
408 703 571 764 perculsusest,
583 711 608 749 ut
616 705 683 750 serel
695 712 742 752 sta·

78 767 128 821 tim,
140 766 177 813 vel
188 767 211 812 in
227 767 358 827 cognitione
367 776 521 829 purgaturum,
533 768 670 815 clamitaret:
689 783 741 830 pre·

77 832 186 891 cibusque
193 832 354 892 proximorum,
361 832 487 879 adulatione
495 833 743 894 omniumaegrecom·

77 903 173 959 poneret
191 897 298 942 animum.
329 895 363 942 Et
382 895 495 943 Votienus
513 896 604 956 quidem
620 898 744 960 maJ‘estatis

78 961 154 1023 poenis
170 960 263 1007 affectus
281 967 329 1007 est:
350 959 428 1009 Caesar
450 962 558 1023 objectam
578 962 619 1008 sibi
634 963 743 1011 adversus

77 1040 130 1072 reos
146 1025 311 1072 inclementiam
327 1041 356 1072 eo
373 1026 511 1088 pervicacius
526 1026 649 1087 amplexus,
669 1028 743 1089 Aqui·

77 1090 138 1144 Bam,
159 1089 260 1137 adulterii
277 1091 380 1144 delatam,
397 1105 448 1136 cum
466 1089 536 1137 Vario
553 1090 645 1152 Ligure,
663 1107 742 1152 quam·

78 1169 145 1216 quam
165 1153 277 1201 Lentulus
293 1155 426 1208 Gaetulicus,
441 1156 520 1203 consul
537 1151 673 1218 designatus,
692 1157 745 1221 lege

76 1217 140 1269 Jultt
150 1217 284 1272 domuisset,
293 1220 372 1266 exsilio
382 1219 469 1281 punivit
475 1237 483 1276 ;
501 1219 652 1281 Apidiumque
660 1220 741 1268 Meru-

77 1285 131 1337 lam,
149 1285 248 1345 quadiu
265 1293 315 1332 acta
333 1283 366 1332 D.
379 1285 481 1347 Augusti
492 1299 538 1330 non
550 1286 673 1348 Juraverat,
687 1287 742 1335 albo

72 1351 192 1399 senatorio
203 1350 277 1397 erasit.

110 1412 208 1461 XLIII.
226 1414 317 1462 Auditae
325 1415 405 1462 dehinc
413 1413 665 1462 Lacedaemoniorumct
674 1414 742 1463 Mes·

72 1480 192 1527 seniorum
204 1480 335 1540 legationes,
346 1482 433 1543 dejure
444 1481 520 1541 templi
532 1480 616 1527 Dianae
627 1479 741 1528 Limnati-

77 1544 118 1597 dis,
137 1545 198 1605 quod
212 1546 258 1590 suis
270 1561 283 1592 a
293 1546 419 1607 majoribus,
435 1545 521 1606 subque
530 1547 553 1592 iu
566 1543 624 1592 terrai
635 1544 740 1603 dicatum,

75 1607 245 1657 lacedemonii
256 1609 374 1658 firmabant
389 1611 501 1657 annalium
517 1608 631 1664 memorii,
650 1618 740 1656 vatum·

78 1689 122 1735 que
133 1675 281 1722 carminibus:
302 1676 341 1722 sed
352 1675 486 1722 Macedonis
503 1674 607 1737 Philippi,
625 1689 677 1721 cum
694 1691 739 1735 quo

76 1737 205 1794 bellissent,
223 1741 290 1786 armis
306 1741 426 1793 ademtum,
446 1754 472 1785 ac
491 1747 542 1802 post
559 1738 580 1788 C
600 1737 699 1788 Caesaris
717 1746 742 1787 et

77 1802 115 1850 Μ.
127 1804 222 1850 Antonii
241 1802 351 1851 sententis
369 1804 488 1850 redditum.
521 1802 608 1853 Contra
630 1805 741 1852 Messenii

76 1877 177 1915 veterem
199 1870 257 1914 inter
275 1867 382 1916 Herculis
401 1877 503 1930 posteros
520 1870 651 1916 divisionem
671 1868 740 1918 Pelo-

70 1934 170 1995 ·poanesi
181 1930 301 1994 protulisse,
316 1949 402 1994 suoque
412 1935 460 1996 regi
472 1932 640 1981 Dentheliatem
652 1949 740 1996 agrurn,

75 1999 100 2045 ln
111 2013 157 2109 spuo
168 1999 190 2044 id
201 1998 324 2074 delubrum,
335 2000 440 2075 cessisse:
454 2000 640 2110 mimemffe·
648 2000 696 2060 eius
709 1999 740 2045 rei

72 2078 116 2110 scu
125 2071 164 2124 pta
179 2077 240 2109 sarus
250 2072 273 2109 et
284 2079 329 2110 aere
344 2080 418 2124 prisco
429 2079 532 2110 manere:
552 2079 581 2124 qu
623 2079 642 2110 sr
653 2071 738 2119 ratum,

75 2129 190 2174 annalium
207 2128 235 2174 ad
251 2129 379 2174 testimonia
393 2139 509 2181 vocentur,
525 2128 600 2189 plures
615 2128 656 2174 sibi
668 2143 694 2174 ac
704 2128 740 2175 lo·

71 2192 211 2254 oupletiores
222 2207 282 2238 esse:
304 2209 376 2253 neque
388 2192 516 2254 Philippum
532 2191 637 2253 potentii,
656 2192 696 2239 sed
710 2206 740 2239 ex

73 2273 130 2304 vero
141 2258 257 2304 statuisse:
277 2257 335 2303 idern
347 2258 407 2319 regis
418 2257 536 2318 Antigoni,
549 2257 606 2303 idem
618 2258 740 2320 imperato·

70 2323 106 2373 sis
123 2322 231 2367 Mummii
242 2323 367 2384 judicium:
389 2323 421 2368 sic
438 2322 550 2376 Milesios,
571 2323 681 2384 permisso
698 2339 740 2385 pu·

72 2386 131 2432 blice
142 2387 238 2439 arbitrio,
246 2394 358 2448 postremo
367 2387 468 2434 Atidium
477 2387 607 2443 Geminum,
618 2396 739 2450 praetorern

74 2450 178 2502 Achniae,
196 2452 329 2498 decrevisse.
363 2451 400 2498 Ita
415 2453 538 2499 secundum
553 2452 684 2500 Messenios
700 2453 739 2500 da·

73 2522 131 2562 turn.
164 2515 196 2562 Et
214 2516 332 2576 Segestani
349 2517 420 2564 aedem
438 2516 542 2571 Veneris,
561 2525 667 2564 muntem
681 2517 747 2576 aput

72 2578 180 2639 Erycem,
199 2588 312 2629 vetustate
323 2582 441 2647 dilapsam,
458 2584 588 2632 restaurari
595 2577 768 2644 postularem

57 2650 120 2694 ,nota
133 2657 290 2697 memorantes
307 2649 339 2699 dc.
355 2652 453 2719 origine
468 2651 534 2716 eius,
552 2656 582 2696 et
592 2649 661 2696 laeta
668 2638 790 2688 'Ylffi'w'

43 2703 164 2768 .Suscep¹'t
186 2726 269 2771 curam
293 2717 385 2780 libens,
418 2728 446 2773 ur,
471 2715 692 2787 consanguineus,
711 2695 823 2771 ΧΨ.
