1680 2910
118 78 167 123 aao
304 68 599 123 SUPPLEMRNTUM
673 73 788 126 meaos

117 205 208 268 quidem
218 204 315 259 efficere,
326 211 353 251 ut
362 204 422 251 male
431 204 553 252 moriatur:
572 219 604 252 ne
613 206 733 262 moriatur,
743 220 787 253 non

50 289 53 293 ·
117 286 192 335 posse.
224 269 286 317 Haec
304 270 345 315 vix
363 269 436 324 effata,
452 270 527 317 exsilit
537 269 661 329 eetlredrd3
679 272 784 319 adverso·

117 352 162 399 que
179 335 259 397 parieti
277 335 350 397 capite
367 335 456 396 ingenti
473 335 559 397 impetu
576 334 686 397 impacto,
705 337 787 384 corruit

117 400 198 449 sensile
220 414 307 463 expers,
329 399 463 446 consentire
483 405 559 446 tamen
580 399 642 446 haud
661 402 786 449 immemor.

117 466 180 513 Nam
191 465 322 513 refocillate
330 465 402 525 prima
410 464 479 511 verba
484 461 564 511 lutire:
576 470 591 494 ⁴⁶
600 463 717 513 Dixeram
724 468 787 514 robis

117 533 261 578 inventuram
271 544 309 576 me
319 528 441 590 quamlibet
451 528 529 575 duram
540 529 569 575 ad
579 537 679 576 mortem
688 533 755 587 viam,
766 532 785 579 ai

117 612 160 644 vos
170 591 420 656 facilernpegdrsetis.”
453 588 512 640 Tam
523 595 605 641 acriter
613 609 721 657 suprema
737 604 786 643 ten-

118 668 205 709 tantem
215 660 262 707 fors
267 660 337 722 juvit.
368 656 479 706 Extrmnd
488 659 549 705 enim
560 662 698 708 necessitate
708 662 789 709 marito

118 724 228 781 nuntiati,
239 739 394 788 percussorem
405 738 494 778 exosus,
505 738 548 771 nec
556 731 633 772 tamen
642 727 726 774 mortis
734 727 787 773 satis

118 791 204 847 firmus,
223 791 323 853 pugione
340 796 420 852 pectus
437 790 592 852 pretentabat.
626 788 707 839 Testis
722 792 788 839 Arria

119 856 204 903 ferrum
223 857 321 917 stringit,
337 854 434 918 perfodit
449 862 535 917 pectus,
547 856 646 902 extrahit
655 858 788 919 pugionem,

119 922 215 984 porrigit
226 922 307 968 marito
313 937 322 980 ;
334 919 521 982 additiquevoce,
533 924 550 950 ⁴‘
559 919 632 979 Pete,
640 936 689 969 non
701 920 786 979 dolet,”

119 987 239 1033 occumbit.

155 1052 277 1112 [Absimili
296 1053 335 1100 sed
346 1068 410 1115 aeque
426 1052 534 1116 singulari
549 1051 609 1100 lacto
626 1051 717 1101 Lucius
727 1051 789 1101 Otho

120 1116 232 1165 inclaruit
264 1117 332 1165 Reoti
343 1121 404 1165 enim
414 1120 529 1181 pervicax,
541 1133 608 1165 ausus
616 1118 686 1165 estin
696 1117 788 1180 Illyrico

119 1182 202 1229 milites
213 1183 327 1243 quosdam,
337 1185 398 1245 quod
409 1192 474 1231 motu
484 1184 625 1231 Scriboniani
633 1197 663 1229 ex
673 1184 790 1245 preniten-

122 1246 155 1294 sia
165 1249 297 1309 praepositos
308 1264 368 1305 suos,
380 1250 443 1311 quasi
453 1248 586 1296 defectionis
596 1248 707 1296 adversus
719 1247 789 1297 clau-

123 1312 184 1358 dium
201 1321 309 1369 auctores,
327 1315 460 1370 occiderant,
479 1315 551 1376 capite
561 1315 647 1376 punire,
663 1320 689 1360 et
699 1315 790 1375 quidem

121 1384 174 1424 ante
185 1379 298 1441 principia,
317 1395 341 1426 se
358 1395 447 1427 coram:
466 1381 569 1442 quamvis
580 1379 608 1426 ob
619 1380 642 1425 id
652 1379 729 1440 ipsum
739 1394 791 1441 pro-
803 1398 807 1403 ·

27 1470 30 1477 ·
121 1449 197 1490 motos
208 1445 231 1490 in
243 1445 372 1506 ampliorem
383 1446 478 1507 gradum
489 1461 503 1492 a
515 1443 610 1494 Claudio
622 1444 697 1490 sciret.
732 1444 790 1491 Glo-

123 1509 179 1555 riam
196 1510 254 1570 apud
272 1510 372 1557 militaris
390 1510 512 1571 discipline
528 1510 612 1571 peritos
623 1509 725 1570 adeptus,
736 1525 791 1571 gra·

123 1575 177 1620 tiam
187 1575 245 1635 apud
255 1576 378 1636 principem
389 1576 477 1621 minuit.
510 1574 586 1627 Hanc,
598 1574 689 1620 retectis
700 1574 791 1621 nefariis

124 1638 223 1685 Romani
235 1641 315 1698 equitis
326 1640 432 1686 adversus
441 1654 492 1686 eum
503 1639 609 1693 consiliis,
625 1645 650 1684 ut
664 1653 727 1685 anuo
737 1654 791 1700 pro-

123 1705 186 1749 ximo
204 1705 351 1765 opportunius
369 1706 493 1766 expediam,
505 1718 550 1749 non
561 1704 629 1749 modo
641 1705 790 1764 recuperavit,

124 1769 242 1815 sedetiam
259 1770 328 1822 auxit,
346 1769 430 1830 magnai
446 1770 525 1831 priscae
541 1768 673 1823 severitatis,
691 1767 791 1815 maximi

124 1833 226 1881 iulractae
237 1832 288 1881 fidei
298 1834 370 1880 laude.
389 1833 443 1880 Hoc
454 1849 520 1888 anno,
532 1848 577 1879 uno
588 1847 602 1878 e
613 1834 710 1879 tribunis
720 1834 791 1896 plebis

125 1898 238 1955 defuncto,
255 1901 338 1953 caeteri,
350 1914 483 1960 quamquam
494 1897 642 1960 presentibus
654 1898 791 1952 consulibus,

126 1972 229 2011 senatum
240 1962 335 2028 coegere
346 1971 372 2010 ut
382 1964 439 2010 alter
450 1964 595 2010 sufficeretur.

127 2058 187 2109 Uo
321 2029 424 2092 [Tiberio
442 2027 538 2076 Claudio
557 2026 649 2075 Caesare
660 2026 712 2075 111.
729 2034 753 2074 et
763 2027 793 2074 L.

133 2064 256 2173 5'0‘226
288 2094 382 2140 Vitellio
410 2094 543 2146 consulibus,
571 2092 680 2138 festorum
708 2094 792 2140 sollen-

151 2157 157 2172 ‘
188 2159 193 2172 '
238 2160 244 2172 '
288 2161 394 2220 niumque
418 2160 503 2205 dierum
524 2173 631 2204 uumerus
650 2159 673 2203 in
694 2160 793 2205 immane

126 2231 234 2270 creverat
268 2223 358 2270 Malum
374 2225 457 2285 pietate
468 2229 575 2283 coeptum,
592 2232 682 2269 auctum
694 2222 792 2278 licentii,

126 2290 225 2351 gliscens
237 2289 260 2333 in
271 2289 318 2335 dies
329 2290 462 2343 adulatione,
475 2289 581 2349 repressit
593 2287 678 2344 Caesar,
695 2303 742 2335 non
753 2303 793 2334 ex·

128 2355 220 2400 stinxit:
238 2356 307 2399 immo
318 2355 416 2401 moribus
428 2354 456 2400 ad
467 2353 568 2399 inaniora
579 2353 739 2407 delabentibus,
756 2368 792 2399 re·

126 2420 198 2465 valuit
210 2434 261 2465 curn
276 2420 359 2480 majore
370 2420 504 2481 religionum
520 2426 542 2464 et
553 2419 640 2478 imperii
651 2419 796 2464 detrimento.

127 2483 222 2531 Abolita
239 2483 306 2530 simul
322 2485 408 2545 reliqua
424 2483 477 2531 Caii
491 2483 648 2528 dominationis
660 2483 792 2542 opprobria:

122 2568 224 2615 quaeque
236 2551 277 2600 vel
287 2550 383 2607 nelarie,
392 2550 435 2597 uel
442 2549 559 2594 'ammento
570 2547 705 2596 donauerat,
717 2553 803 2588 autra-

44 2628 90 2810 ἱ
112 2629 210 2687 puerat,
224 2621 348 2671 restituta.
381 2613 541 2669 (iuratoribus
548 2610 642 2654 uiarum
648 2611 736 2662 emm
746 2604 823 2661 ΜΚ·
