1680 2910
56 135 79 174 J.
88 133 112 174 c.
123 137 154 173 14.
208 130 401 180 ANNALIUM
417 129 497 179 LrnI.
515 126 626 180 Car.49.'
689 134 721 178 27

58 270 111 310 tus:
130 263 220 325 propior
236 263 294 324 apud
312 261 467 309 Pannoniam:
487 261 525 308 ille
537 261 661 308 Galliarum
673 262 722 322 opi·

57 328 101 375 bus
111 329 225 382 subnixus,
234 329 270 374 hic
277 324 351 374 Italioe
359 328 490 374 imminens:
510 342 567 388 quos
578 327 647 388 igitur
657 334 721 373 ante·

57 391 147 440 ferret?
163 408 196 447 ac,
212 407 242 440 ne
256 393 374 454 postpositi
390 390 527 438 contumeliis
543 391 722 438 incenderentur.

58 458 94 505 At
101 472 141 519 per
150 456 209 504 illios
222 459 304 520 pariter
312 457 374 508 adiri,
386 459 503 519 majestate
513 454 588 512 salri3
605 457 642 502 cui
653 457 724 518 major

57 539 72 570 e
82 522 207 584 longinquo
225 523 359 570 reverentia:
379 522 446 568 simul
460 521 637 568 adolescentibus
652 535 721 567 excu-

58 595 139 642 satum,
156 588 259 649 quaedam
275 588 302 633 ad
318 596 404 648 patrem
421 587 526 648 rejicere:
546 587 721 646 resistentoeque

59 653 199 700 Germanice
214 659 253 699 aut
268 651 347 698 Druso
361 667 428 712 posse
442 667 455 697 a
470 667 494 698 se
511 651 616 713 mitigari
632 652 669 697 vel
684 651 720 696 in·

57 714 141 778 iringi:
161 718 222 778 quod
239 717 299 763 aliud
314 717 442 771 subsidium,
454 717 473 762 si
483 717 639 778 imperatorem
658 731 720 776 spre

57 782 163 830 cissent?
197 779 319 835 Ceterum,
341 790 367 827 ut
384 783 433 842 jum
451 782 544 843 jamque
565 782 643 835 iturus,
665 780 722 842 legit

58 847 161 901 comites,
178 847 313 906 conquisivit
329 847 492 909 impedimenta.
507 846 623 892 adornavit
638 860 718 892 naves:
743 892 746 898 ,

59 925 115 958 mox
124 911 221 958 hiemem
232 919 271 958 sut
281 913 373 972 negotia
383 913 444 957 varie
458 918 567 965 causatus,
583 912 655 972 primo
666 925 720 971 pru·

59 976 145 1029 dentes,
157 976 209 1022 dein
220 976 321 1038 vulgum,
334 976 457 1023 diutissime
467 976 592 1038 provincias
601 974 688 1021 fefellit.

91 1038 212 1102 XLVIII.
230 1042 263 1086 At
282 1041 436 1096 Germanicus,
456 1055 589 1101 quamquam
606 1046 721 1086 contracto

58 1106 165 1159 exercitu,
177 1114 201 1152 et
211 1104 287 1167 parati
296 1107 320 1151 in
332 1105 454 1152 defectores
465 1105 559 1161 ultione,
571 1105 668 1151 dandum
680 1105 719 1150 ad·

58 1171 103 1216 huc
114 1171 209 1232 spatium
222 1178 289 1226 ratus,
302 1171 320 1216 si
335 1172 418 1217 recenti
433 1170 536 1231 exemplo
553 1169 593 1216 sibi
608 1170 649 1230 ipsi
665 1184 720 1223 con-

58 1233 164 1290 solerent,
175 1237 292 1297 praemittit
299 1236 373 1283 literas
384 1236 412 1281 ad
422 1233 545 1294 Caecinam,
556 1234 634 1280 venire
645 1248 670 1280 se
681 1247 722 1280 va·

26 1298 28 1302 ⁴
57 1297 103 1347 lidi
117 1314 192 1356 mauu,
210 1314 242 1354 ac,
260 1301 283 1346 ni
299 1301 430 1362 supplicium
447 1303 470 1346 in
487 1300 557 1346 malos
573 1294 719 1360 presumant

57 1378 151 1411 usurum
168 1365 296 1427 promiscui
316 1366 384 1412 caede
418 1364 465 1412 Eas
485 1363 578 1412 Caecina
598 1362 720 1424 aquiliferis

57 1428 220 1491 signiferisque,
239 1439 263 1477 et
281 1430 341 1490 quod
357 1431 454 1477 maxime
470 1436 593 1477 castrorum
610 1430 721 1475 sincerum

57 1501 111 1547 erat,
123 1495 212 1541 occulte
222 1496 306 1549 recitat,
325 1503 393 1557 utque
404 1502 497 1541 cunctos
508 1494 613 1549 infamiae,
625 1509 649 1540 se
660 1494 722 1554 ipsos

57 1560 125 1606 morti
137 1560 242 1613 eximunt,
251 1560 364 1606 hortatur:
385 1575 435 1606 nam
447 1561 470 1606 in
481 1575 536 1621 pace
549 1575 628 1606 causas
638 1565 661 1604 et
671 1574 720 1605 me·

57 1623 100 1670 rita
107 1625 215 1684 spectari:
231 1625 266 1670 ubi
275 1624 356 1671 bellum
364 1626 460 1686 ingruat,
467 1625 598 1671 innocentes
606 1640 632 1670 ac
640 1624 721 1670 noxios

54 1688 121 1750 juxte
131 1689 217 1736 cadere.
251 1687 294 1743 Illi,
313 1691 412 1743 tentatis,
429 1705 484 1750 quos
501 1690 593 1736 idoneos
609 1690 721 1743 rebantur,

56 1761 176 1815 postquam
185 1755 291 1816 majorem
299 1753 414 1815 legionum
422 1755 538 1815 partemin
550 1754 624 1800 officio
636 1754 719 1808 vident,

57 1818 86 1864 de
93 1817 206 1865 senteutib
216 1819 291 1880 legati,
301 1826 402 1866 statuunt
413 1827 508 1880 tempus,
519 1835 563 1880 quo
571 1819 720 1865 ioedissimum

58 1897 171 1944 quemque
197 1884 348 1947 etlseditioni
373 1892 486 1946 promtum
519 1884 578 1930 ferro
604 1883 718 1929 invadant.

57 1946 132 2000 Tunc,
149 1948 216 2010 siguo
234 1949 291 1995 inter
307 1964 332 1995 se
348 1948 407 2003 dato,
426 1950 552 2010 irrumpunt
568 1948 720 2001 contubernia,

57 2012 170 2060 trucident
178 2016 270 2074 lgnaros
279 2031 285 2058 z
299 2014 368 2069 nullo,
377 2015 420 2060 nisi
428 2015 530 2070 consciis,
539 2022 652 2067 noscente,
661 2012 721 2074 quod

58 2077 127 2123 caedis
138 2078 233 2131 initium,
246 2078 295 2137 quis
306 2076 364 2124 linis.

90 2140 187 2188 XLIX.
203 2141 303 2188 Diversa
317 2143 424 2197 omnium,
441 2159 492 2204 quae
503 2158 600 2205 unquam
612 2139 720 2195 accidere,

55 2205 157 2253 civilium
164 2221 276 2253 armorum
287 2206 369 2253 facies:
389 2223 434 2254 nou
444 2208 531 2270 proelio,
540 2223 586 2254 non
597 2207 722 2253 adversise

56 2272 143 2325 castris,
155 2271 194 2318 sed
205 2272 283 2318 iisdem
295 2287 308 2318 e
318 2273 431 2328 cubilibus,
448 2288 504 2333 quos
522 2273 588 2319 simul
603 2278 722 2318 vescentes

56 2336 112 2389 dies,
124 2336 192 2383 simul
201 2336 289 2398 quietos
300 2351 346 2383 uox
357 2338 470 2391 habuerat,
482 2337 599 2384 discedunt
607 2339 630 2382 in
639 2343 721 2398 partes,

55 2400 165 2462 ingerunt
175 2401 230 2447 tela:
245 2401 335 2455 clamor,
344 2403 441 2456 vulnera,
452 2404 544 2465 sanguis
552 2402 639 2464 palam:
655 2416 727 2446 ceusu

55 2465 79 2511 in
96 2465 201 2512 occulto:
220 2473 302 2514 caetera
318 2466 366 2515 fors
381 2469 458 2534 regit:
478 2469 610 2533 etquiduxu
618 2468 750 2533 bonorum·

52 2531 111 2583 Μ’
119 2539 247 2593 P⁰⁸²q¹¹³ms
260 2534 388 2595 intellecto,
397 2539 425 2587 in
436 2554 500 2604 quos
510 2537 650 2586 sevirum,
657 2526 763 2592 qess‘xmx

41 2602 132 2655 ΜΨ
141 2612 206 2648 ³⁰⁶⁸
216 2614 363 2666 “pueram
385 2625 471 2674 neque
487 2607 594 2673 legatus
604 2607 652 2649 aut
662 2594 781 2656 timum}
794 2650 799 2657 Ι

31 2658 267 2722 mermi„
285 2679 419 2740 Permissa
430 2647 801 2745 turgescensnouuffltw
