1680 2910
239 153 430 203 ANNALIUM
447 153 500 202 Lm.
511 153 531 202 Ι.
544 153 604 204 Car.
614 156 639 202 5.
718 161 734 204 ³

73 287 196 350 projiceret,
216 288 294 334 rudem
311 302 365 334 sane
382 287 491 332 bonarum
508 286 597 340 artium.
616 292 639 332 et
655 287 735 334 robore
788 331 791 337 .

74 354 173 412 corporis
184 353 263 398 stolide
273 351 378 406 ferocem,
396 351 478 398 nullius
494 357 569 397 tamen
580 349 660 412 flagitii
670 366 733 398 corn·

73 428 168 479 pentum.
203 419 243 470 At,
260 418 358 474 hercule,
376 416 544 469 Germanicum,
561 414 640 478 Druso
650 423 732 472 ortum,

74 492 126 527 octo
142 482 200 544 apud
218 481 325 528 Rhenum
339 481 465 544 legionibus
480 481 593 542 imposuit,
610 480 735 542 adscirique

73 562 113 608 per
123 548 265 607 adoptionem
276 563 290 594 a
300 545 390 594 Tiberio
397 547 480 608 Jussit3
497 561 632 606 quamquam
640 553 700 592 esset
710 546 741 592 inv

74 611 141 657 domo
153 611 237 658 Tiberii
248 611 419 674 liliusjuvenis;
436 611 475 658 sed
491 626 535 671 quo
549 611 648 672 pluribus
659 611 734 657 muni-

73 677 155 722 mentis
166 678 286 723 insisterct.
317 676 406 723 Bellum
415 675 441 723 ed
448 682 580 737 tempestate
586 675 678 730 nullum,
691 675 735 722 nisi

74 742 181 789 adversus
194 742 327 796 Germanos,
345 749 471 804 supererat3
489 741 604 786 abolendae
615 741 687 802 magis
697 742 734 786 in-

73 805 155 862 samiae,
173 808 201 853 ob
216 807 322 854 amissum
337 823 388 855 cum
409 806 519 860 Quintilio
530 804 592 852 Varo
603 807 734 859 exercitum,

75 887 141 931 quarn
160 872 263 933 cupidine
281 871 405 934 proferendi
423 871 517 933 imperii,
536 877 575 916 aut
592 870 687 932 dignum
707 871 736 917 ob

74 937 200 997 proemium.
233 936 304 983 Domi
316 953 351 984 res
364 937 505 998 torquium
522 935 599 982 eadem
615 935 734 998 magistra·

76 1008 140 1047 tuum
158 1002 279 1048 vocabula:
296 1003 398 1064 juniores
412 1010 463 1062 post
478 1000 595 1047 Actiacam
610 1001 734 1056 victoriam,

75 1066 142 1111 etiarn
154 1081 219 1112 senes
229 1067 327 1128 plerique
337 1067 396 1112 inter
405 1067 463 1113 bella
472 1066 555 1111 civium
566 1066 623 1111 nati:
642 1072 735 1126 quotus·

76 1131 171 1190 quisque
182 1132 285 1191 reliquus,
296 1132 334 1191 qui
346 1131 501 1193 rempublicam
512 1129 623 1177 vidisset?

110 1193 154 1239 IV.
171 1194 316 1257 Igiturverso
323 1197 418 1242 civitatis
427 1203 492 1249 statu,
505 1195 660 1254 nihilusquam
668 1195 736 1255 prisci

76 1266 100 1305 et
108 1261 190 1322 integri
196 1262 278 1308 moris:
298 1276 382 1316 omnes,
391 1257 460 1307 exuti
467 1260 599 1320 aequalitate,
603 1260 669 1320 jussa
675 1259 737 1320 prin-

75 1324 132 1385 cipis
149 1326 289 1387 adspectare;
312 1324 373 1372 nulli
388 1327 412 1371 in
428 1339 526 1388 praesens
541 1323 667 1378 formidine,
684 1323 738 1370 dum

77 1389 198 1451 Augustus
214 1396 280 1436 aetate
292 1391 378 1437 validus
395 1404 462 1449 seque
476 1397 499 1436 et
513 1389 604 1436 domurn
621 1395 644 1434 et
658 1402 738 1450 pacem

77 1455 217 1502 sustentavit.
245 1455 576 1517 Postquamprovectajamse-
638 1487 661 1531 Α

78 1526 156 1566 nectus
168 1535 230 1580 aegro
242 1530 265 1566 et
279 1535 372 1582 corpore
386 1519 526 1580 fatigabatur,
537 1517 576 1564 ad·
611 1549 636 1597 U
647 1501 731 1598 Οῃῐξέγ

75 1591 169 1644 eratque
185 1584 235 1630 finis
251 1591 275 1631 et
285 1596 425 1646 speonovae3
441 1584 505 1644 pauci
519 1583 578 1628 bona
620 1581 676 1663 J'c‘
691 1581 740 1660 14⁹

77 1649 186 1696 libertatis
194 1651 303 1695 incassum
313 1651 433 1696 disserere:
448 1649 523 1709 plures
529 1648 577 1693 bel·
638 1648 643 1660 “
672 1646 679 1661 ⁰
722 1647 729 1661 ⁸

78 1714 125 1758 lum
136 1730 262 1776 pavescere,
277 1715 314 1760 alii
325 1729 418 1776 cupere:
437 1728 489 1775 pars
499 1713 571 1759 multo
585 1712 683 1758 maxima
696 1714 740 1759 irn-

78 1779 189 1825 minentes
198 1780 300 1826 dominos
310 1781 378 1826 variis
388 1779 513 1824 rumoribus
521 1775 659 1823 differebant:
679 1776 740 1824 Tru-

79 1857 128 1888 ccm
143 1844 275 1906 Agrippam,
293 1852 316 1890 et
333 1841 456 1905 ignominiis
469 1857 595 1894 accensum,
613 1857 659 1888 non
674 1850 743 1890 aetate

79 1922 152 1968 neque
159 1924 232 1954 rerum
241 1907 377 1972 experientiis
384 1916 453 1954 tontae
460 1908 512 1953 moli
520 1923 607 1968 parem:
624 1905 741 1959 Tiberium

80 1970 196 2019 Neronem
205 1983 317 2020 maturum
325 1975 396 2026 annis,
409 1979 531 2034 spectatum
539 1972 604 2026 bello,
615 1971 659 2018 sed·
666 1981 743 2018 vetere

79 2044 146 2095 atque
157 2036 223 2082 insitii
236 2036 337 2085 Claudiae
347 2038 438 2085 familiae
446 2034 563 2099 ’superbid3
580 2037 695 2097 multaque
705 2038 741 2084 in·

80 2101 651 2164 diciasaevitiae,quamquampremantur‚erumpere.
670 2101 742 2150 Hunc

79 2173 103 2212 et
111 2163 183 2226 primi
189 2165 216 2210 ab
221 2165 314 2212 infantid
320 2167 424 2212 eductum
431 2167 454 2212 in
463 2167 529 2212 domo
536 2167 670 2227 regnatrice:
685 2182 741 2212 con-

79 2238 158 2292 gestos
165 2230 245 2292 juveni
260 2231 395 2286 consulatus,
412 2230 546 2290 triumphos:
565 2231 636 2276 neiis
651 2231 741 2292 quidem

78 2296 149 2348 annis,
162 2296 241 2354 quibus
252 2295 335 2352 Rhodi,
347 2296 420 2358 specie
431 2295 538 2347 secessus,
550 2295 650 2341 exsulem
662 2297 741 2358 egerit,

77 2359 163 2420 aliquid
170 2376 236 2420 quam
245 2359 300 2406 iram
309 2368 332 2407 et
338 2360 501 2407 simulationem
509 2366 531 2404 et
538 2367 634 2405 secretas
639 2360 743 2408 libidines

80 2425 219 2471 meditatum.
254 2425 368 2472 Accedere
378 2433 472 2472 matrem
483 2423 587 2469 muliebri
596 2424 751 2483 impotentia.

80 2491 221 2537 serviendum
233 2489 333 2549 feminae,
349 2492 487 2554 duobusque
495 2490 595 2548 'insuper
611 2482 773 2530 adolescem-

20 2567 26 2575 ’
64 2554 121 2666 ἔξω,
140 2558 180 2671 poi
197 2560 367 2627 rempublicam
383 2561 486 2610 interim
501 2557 628 2622 premant·
645 2541 800 2604 albim&

82 2631 138 2672 istro
148 2635 204 2676 runt.

98 2688 126 2737 V·
147 2693 217 2748 Haec
230 2708 309 2768 atque
322 2701 387 2754 talia
403 2693 579 2766 agimnbbusss
596 2685 682 2744 2¹¹⁸*

679 2671 759 2716 ψῃ
763 2646 839 2698 Ὶὺθ
