1680 2910
49 110 72 163 J‘.
82 121 149 163 c.14.
201 117 394 168 ANNALIUM
410 117 464 166 Lrs.
476 117 497 165 1.
510 116 570 166 Car.
582 119 622 165 53.
687 123 719 167 29

53 246 172 297 insedere:
190 250 251 310 quod
260 265 356 312 gnarum
373 249 440 306 duci;
458 250 592 310 incessitque
609 248 683 295 itineri
700 255 724 296 et

54 314 151 378 proeho:
171 329 223 376 pars
241 316 341 376 equiturn
360 321 383 362 et
400 313 523 360 aurdliariae
538 315 642 360 cohortes
653 315 722 360 duce·

55 381 125 427 haut:
145 394 200 426 mox
218 380 291 441 prima
311 379 387 442 legio:
407 386 430 426 et
451 379 531 426 mediis
549 379 723 440 impedimentis,

56 443 173 492 sinistrum
192 444 251 491 latus
271 445 475 498 unoetvicesimani
499 445 602 491 dextrum
622 444 723 503 quintani

56 507 171 557 ciausdre:
191 511 297 557 vicesIma
307 509 368 571 legio
379 518 444 572 terga
452 507 563 556 firmavit:
582 516 634 570 post
645 509 722 555 caeteri

56 575 178 622 sociorum.
212 574 256 621 Sed
268 575 351 629 hostes,
363 575 434 621 donec
445 589 527 637 agmen
538 589 578 635 per
589 573 658 620 ssitus
669 589 722 635 por·
752 604 756 618 ,

56 640 175 702 rigeretur,
192 639 293 686 immotis
313 640 370 685 dein*
381 641 451 686 latera
469 649 493 686 et
513 636 612 685 frontem
634 639 723 685 modice

56 704 200 755 multantes,
217 701 267 750 totu
278 705 301 750 vi
312 705 446 750 novissimos
457 700 583 749 incurrere:
602 703 721 749 turbaban-

56 777 139 829 turque
157 769 232 816 densis
249 769 415 827 Germanorum
432 768 527 814 catervis
537 768 599 814 leves
610 769 722 822 cohortes,

56 849 109 896 cum
123 831 203 881 Caesar
220 834 328 880 advectus
341 834 370 880 ad
388 833 542 887 vicesimanos,
560 847 616 878 voce
631 830 722 893 magni,

57 899 101 944 hoc
112 898 168 945 illud
179 906 267 959 tempus
285 898 429 945 obliterandae
444 897 566 950 seditionis,
577 897 720 943 clamitabat:

57 971 188 1040 pergerent,
199 971 344 1024 properarent
351 964 439 1024 culpam
450 963 473 1008 in
482 962 550 1009 decus
561 971 655 1007 vertere.
671 961 722 1007 Ex·

58 1042 134 1075 arsere
145 1028 232 1081 animis,
239 1042 328 1088 unoque
338 1029 422 1089 impetu
430 1034 561 1088 perruptum
572 1027 659 1072 hostem
670 1026 720 1071 red·

59 1092 126 1153 iguht
144 1093 167 1138 in
186 1102 267 1170 apertu,
283 1093 431 1153 caeduntque:
455 1092 522 1138 simul
541 1091 605 1152 primi
625 1091 722 1150 agminis

59 1157 131 1218 copiae
142 1171 234 1204 evasere
245 1157 319 1210 silvas,
330 1165 446 1216 castraque
458 1152 632 1202 communivere.
650 1154 722 1208 Quie-

60 1227 108 1267 tum
125 1221 177 1267 inde
194 1222 251 1268 iter:
271 1221 386 1282 fidensque
397 1221 524 1267 recentibus
535 1235 560 1266 ac
571 1220 670 1281 priorum
682 1219 722 1264 oh·

59 1285 113 1332 litus
124 1286 190 1331 miles
200 1287 223 1332 in
235 1287 332 1332 hiberms
342 1287 435 1333 iocatur.

81 1348 139 1395 LII.
150 1349 261 1397 Nuntiate
268 1367 294 1396 ea
301 1349 415 1396 'liberium
424 1348 502 1396 raetitit
510 1346 607 1410 eurique
615 1345 720 1394 effectire:

52 1416 179 1477 (gaudebat,
188 1431 314 1477 oppressam
327 1416 472 1462 seditionem:
493 1415 537 1469 sed,
550 1414 610 1474 quod
623 1413 721 1471 largien-

60 1480 94 1526 dis
105 1481 205 1546 pecuniis
224 1489 246 1526 et
266 1480 372 1527 missione
387 1478 491 1526 festinati
506 1478 606 1525 favorem
626 1479 722 1525 militum

59 1546 208 1606 quaesivisset,
226 1545 305 1592 bellich
315 1561 403 1606 quoque
415 1544 544 1592 Germanici
555 1542 634 1606 gloriis,
651 1558 723 1604 ange·

48 1610 132 1656 hatur.
165 1609 253 1656 Retulit
263 1618 337 1656 tamen
357 1610 385 1655 sd
404 1621 505 1656 senatum
522 1609 629 1654 derebus
646 1609 724 1669 gestIs,

60 1674 176 1734 multaque
194 1676 222 1721 de
239 1675 320 1721 virtute
337 1676 385 1738 ejus
399 1674 537 1726 memoravit,
554 1673 627 1734 magis
637 1674 661 1718 in
672 1688 724 1734 spe·

60 1739 118 1784 ciem
130 1739 204 1785 verbis
214 1740 326 1793 adornata,
341 1755 410 1798 quam
428 1746 453 1785 ut
472 1739 561 1800 penitus
579 1738 663 1784 sentire
674 1753 723 1783 cre·

61 1804 158 1850 deretur.
193 1804 338 1851 Paueioribus
349 1803 451 1850 Drusum
463 1813 486 1849 et
496 1803 563 1850 finem
576 1801 662 1863 Illyrici
673 1818 724 1849 mo·

60 1868 98 1915 tus
109 1869 215 1923 laudavit,
232 1871 272 1916 sed
282 1870 396 1922 intentior,
407 1877 430 1914 ct
440 1869 485 1915 fidu
496 1869 611 1914 oratione:
631 1877 725 1914 cuncta·

49 1946 112 1995 'que
121 1949 172 1993 quae
184 1934 333 1980 Germanicus
344 1935 471 1987 indulserat,
483 1933 582 1979 servavit
592 1934 659 1978 etiam
667 1931 727 1994 apud

61 1997 207 2046 Pannonicos
218 2001 337 2045 exercitus.

94 2061 166 2109 LIII.
178 2063 267 2109 Eodem
279 2080 337 2109 anno
348 2063 411 2112 Julia
418 2078 545 2124 supremum
554 2063 613 2108 diem
624 2061 686 2116 obiit,
698 2061 728 2107 ob

60 2128 222 2190 impudicitiism
231 2129 284 2174 olim
293 2137 375 2190 apntre
383 2129 490 2189 Augusto
502 2125 636 2173 Pandateriia
646 2123 726 2180 insuld,

60 2208 116 2240 mox
127 2194 208 2256 oppido
225 2193 374 2254 Reginorum,
390 2195 428 2255 qui
447 2193 547 2240 SIculum
565 2191 647 2238 fretum
659 2206 725 2237 acco·

60 2259 119 2313 lunt,
131 2259 215 2305 clausa.
245 2258 329 2305 Fuerat
344 2260 367 2304 in
379 2259 521 2305 matrimonio
532 2256 624 2312 Trherii,
642 2255 726 2303 floren·

62 2324 121 2370 tibus
135 2321 191 2372 Caio
202 2329 226 2370 et
237 2322 311 2370 Luci0
320 2322 453 2377 Caesaribus,
471 2331 634 2385 spreveratque,
647 2327 672 2367 ut
683 2322 726 2366 im·

60 2403 138 2451 parem
147 2406 155 2445 3
173 2404 215 2435 nec
226 2389 325 2436 aliatum
336 2390 414 2435 intima
424 2387 515 2434 TIberio
526 2403 600 2441 causa,
612 2396 652 2432 cur
661 2385 726 2432 Rho·

62 2453 115 2499 dum
127 2454 263 2500 abscederet
296 2452 419 2517 Imperium
436 2454 542 2518 adeptus,
557 2451 743 2503 emonensis·

60 2516 150 2572 summ,
170 2527 198 2574 et
218 2527 271 2583 post
289 2521 440 2572 interfectum
451 2520 602 2572 Postumum
616 2515 766 2581 regimim&

52 2581 127 2629 omnis
142 2585 191 2646 spei
208 2601 319 2649 egenam,
336 2591 422 2658 inopis
439 2609 469 2641 ac
487 2591 550 2639 tahe
561 2582 647 2646 rongi
660 2575 787 2642 wrm*

43 2643 162 2697 mm!
184 2649 240 2706 fore
264 2672 356 2711 necem
381 2659 577 2730 longinqfflhe
603 2645 693 2700 enffix
717 2640 805 2684 vem&

529 2730 579 2775 nt
