1680 2910
125 154 171 198 184
312 144 604 226 sUBPLuMnuTUM
671 149 701 189 U.
710 149 736 189 c.
744 152 789 196 m

121 281 206 328 fuctum
218 276 449 326 renatus-consultum
460 293 505 339 quo
521 277 615 340 Sejanus
626 278 713 324 nemini
725 279 788 340 luge·

122 352 198 392 retur:
218 344 266 407 ejus
277 359 359 390 nomen
370 343 433 391 lastis
444 350 468 390 et
479 343 624 390 monimentis
635 340 776 390 eximeretur
780 361 787 390 r

123 409 231 456 libertatis
250 408 337 469 effigies
354 415 475 469 poneretur
496 409 520 454 in
540 407 598 454 soro.
640 407 703 462 Quae
723 408 789 455 etism

123 488 190 531 nove,
202 474 260 519 diem
270 473 360 526 festum,
370 489 409 535 per
420 479 513 519 cunctos
521 473 669 534 magistratus
681 479 705 520 et
716 488 790 520 sacer·

123 539 188 585 dotes
194 538 367 594 ¹celebrandum
378 544 404 584 a'c
414 552 454 598 per
466 538 567 599 singulos
578 552 659 594 annos,
672 539 737 585 necis
744 538 790 593 dic,

122 603 189 649 ludos
208 610 231 650 et
241 604 378 665 venationes,
395 617 450 663 quas
464 610 559 663 quatuor
576 602 675 664 collegis
686 602 789 649 sacerdo-

123 673 201 714 tumet
208 668 294 714 sodales
302 667 441 729 Augustales
450 668 547 720 ederent,
555 665 688 714 decrevere:
699 668 790 714 demum

122 738 150 779 ut
168 732 290 794 respublica
306 735 366 778 ausis
382 731 546 793 impudentibus
556 733 616 778 houd
627 732 686 778 ultra
696 739 790 794 pateret,

124 811 153 844 ne
164 798 213 858 quis
224 799 247 843 in
258 804 373 859 posterum
384 798 412 842 ad
420 798 510 843 -nimios
527 798 623 843 honores
640 798 789 854 eveheretur3

124 876 168 908 neu
179 877 228 922 per
244 877 376 922 quemquam
394 861 469 916 alium,
486 876 553 921 quum
569 861 788 923 perimperatorem,

119 928 240 988 juraretur,
256 924 365 972 sanxere:
384 927 437 973 olim
448 926 588 981 adulationis,
603 940 665 972 nuuc
677 926 790 989 opprobrii

124 991 243 1039 immodici.

158 1053 263 1119 [interim
275 1056 356 1102 diversi
369 1055 438 1103 Urbis
449 1071 542 1103 sensus:
561 1056 617 1112 laeti,
629 1056 790 1117 quicumques

125 1121 206 1183 Sejano
226 1122 262 1168 vel
277 1119 357 1183 injurid
370 1121 483 1174 lacessiti,
493 1121 530 1166 vel
538 1121 561 1167 in
572 1119 688 1168 beneficiis
705 1122 788 1176 omissi,

123 1186 161 1231 vel
179 1185 277 1232 fortunae
293 1185 412 1232 insolentiis
430 1185 525 1232 offensi:
544 1187 620 1232 tristes
638 1201 693 1232 vero
704 1201 733 1232 ao
743 1193 788 1232 tra·

124 1251 176 1312 pidi,
189 1252 297 1297 scelerum
310 1251 372 1306 socii,
384 1251 552 1312 consanguinei,
564 1249 648 1305 aflines,
661 1251 737 1297 amici.
758 1248 787 1297 In

123 1317 165 1365 hac
176 1317 243 1362 etism
255 1329 328 1360 rerum
345 1315 518 1375 perturbatione,
536 1315 589 1360 licet
606 1314 676 1361 Urbis
687 1315 789 1363 custodis

123 1381 290 1440 magistratibus
305 1378 407 1424 omnibus
426 1376 540 1425 aTiberio
556 1379 636 1426 luisset
647 1379 788 1436 demandata,

124 1445 288 1491 tumultuentur
299 1443 433 1504 praetoriani,
445 1444 555 1505 indignati
571 1444 611 1489 sibi
622 1443 666 1490 lide
677 1452 701 1490 et
712 1447 788 1492 obser·

123 1508 233 1556 ventidin
250 1509 373 1569 principem
392 1509 472 1569 vigiles
491 1509 560 1554 fuisse
578 1510 733 1566 antehabitos3
751 1511 786 1556 in·

123 1574 208 1627 cendia,
228 1574 363 1633 direptiones
374 1574 475 1628 miscent,
495 1574 547 1619 dum
564 1574 660 1634 populus
672 1575 695 1619 in
707 1575 787 1636 praeci·

122 1653 179 1700 puos
192 1638 316 1699 Sejanianae
328 1639 420 1684 saevitiae
432 1637 537 1685 satellites
552 1639 661 1700 irrumpit,
683 1647 706 1685 et
716 1639 787 1701 pluri·¹

122 1717 210 1748 morum
222 1709 294 1748 morte
306 1711 381 1748 vetera
392 1703 473 1749 damna
484 1703 604 1749 ulciscitur.

156 1764 252 1828 [Pacatis
274 1768 363 1812 demum
388 1767 457 1822 Urbe,
482 1768 510 1813 de
531 1768 638 1829 principis
657 1768 787 1823 honoribus,

123 1829 283 1891 Macronisque
303 1839 326 1877 et
343 1831 441 1878 Laconis
459 1834 558 1893 praemiis
576 1832 686 1879 relatum:
712 1834 788 1880 decre·

123 1901 215 1956 tumque
233 1905 259 1941 ut
278 1895 356 1944 Caesar
373 1896 440 1942 Pater
452 1896 536 1943 Patriae
554 1897 720 1958 appellaretur3
742 1898 789 1944 dies

123 1963 172 2023 ejus
183 1961 262 2007 natalis
280 1962 356 2007 decem
373 1977 479 2022 equorum
492 1963 649 2008 certaminibus
660 1969 683 2008 et
695 1962 787 2009 senstds

122 2027 188 2086 epulo
206 2026 366 2071 celebraretur:
387 2026 465 2080 consul
482 2026 607 2072 Memmius
618 2026 725 2088 Regulus
735 2041 787 2074 cum

121 2091 266 2143 senatoribus,
278 2091 395 2150 equitibus,
407 2098 429 2136 et
440 2091 553 2137 nonnullis
564 2107 577 2137 e
587 2092 732 2154 plebedegati
742 2091 788 2140 cs-

121 2171 184 2216 preas
196 2157 344 2207 mitterentur,
357 2163 380 2200 et
397 2156 488 2217 principi
503 2156 666 2216 providentiam
678 2157 785 2203 salutem·

121 2235 165 2280 que
179 2220 287 2280 publicum
299 2220 470 2280 gratularentur.
504 2218 593 2282 Magnis
612 2236 667 2268 vero
679 2223 785 2282 pecuniu-

120 2300 170 2330 rum
189 2286 211 2329 vi
226 2294 371 2330 munerantur
391 2285 502 2330 Sertorius
522 2285 604 2331 Macro
620 2292 644 2331 et
664 2285 786 2332 Graecinus

121 2348 197 2394 Lacot
217 2349 268 2393 huIc
286 2363 375 2407 quoque
386 2350 511 2409 quaestoria,
523 2351 554 2395 illi
566 2350 672 2411 praetoria
688 2351 786 2412 insignis

120 2414 221 2458 decretu:
242 2414 418 2472 permissumque
437 2413 549 2468 Macroni,
569 2423 593 2461 ut
604 2415 739 2474 spectaculis
750 2416 785 2460 in·

121 2485 154 2524 ter
174 2485 289 2523 senatores
306 2477 428 2530 adsisteret,
451 2478 553 2537 ludisque
573 2480 656 2525 votivis
675 2479 787 2540 praetexti

120 2550 227 2588 uteretur.
262 2541 326 2596 Quos
338 2543 433 2588 honores
451 2550 551 2602 uterque,
572 2545 669 2590 recentis
688 2544 786 2606 exempli

110 2625 200 2674 pavore
211 2609 288 2673 potius
300 2623 369 2671 quam
379 2607 499 2660 modestiir,
508 2606 664 2666 repudiavere.

142 2675 192 2744 [Ar
204 2676 328 2734 Tiberius,
339 2674 423 2741 signis,
440 2686 512 2734 supra
518 2668 663 2718 memmii&
672 2680 734 2709 m
744 2679 807 2707 W·
