1680 2910
97 153 198 202 J.c.19.
253 152 446 201 ANNALIUM
462 151 515 199 Lus.
526 151 560 201 II.
572 152 632 203 Car.
644 159 682 202 68.
733 159 765 205 79

96 296 172 345 ‘posse
181 298 234 331 eum
245 282 382 331 innocentIae
394 282 476 330 fidere:
490 290 596 331 caeterum
609 300 681 346 neque
692 300 717 332 se
728 301 768 334 ue-

102 361 148 408 que
158 356 270 402 senatum,
281 349 325 396 nisi
335 347 428 410 cognitis
437 347 510 403 causi,
518 350 557 412 jus
567 357 591 396 et
601 351 704 412 injuriam
721 351 768 399 ‹lis-

101 420 218 460 oreturosr
237 414 337 475 prolude
357 414 439 461 tradito
451 411 532 475 Cotye,
550 416 644 469 veniret,
660 415 768 463 transier-

101 483 181 539 retque
191 478 298 525 invidiam
310 479 416 525 crIquis.
449 479 497 526 Eas
506 479 582 525 literas
593 477 697 527 Latinius
706 478 767 527 Pan-

92 541 151 597 ·dus,
168 550 293 605 propraetor
304 543 403 599 Moesiae,
422 559 474 590 cum
493 543 606 598 militibus,
625 541 676 604 quis
687 543 768 606 Cotys

101 607 234 662 mansur,
253 609 276 654 ln
291 607 412 656 Thraciam
431 608 499 655 misit.
531 607 691 670 Rhescuporis,
708 611 767 659 iuter

101 679 188 719 mettun
200 679 224 719 et
233 673 289 719 iram
309 680 433 728 cunctatus,
450 673 530 720 maluit
547 675 626 734 patrati
646 689 712 734 quam
728 675 765 721 in·

101 737 161 798 cepti
170 736 278 784 facinoris
288 753 340 785 reus
358 753 422 785 esse:
442 738 512 785 occidi
525 735 602 798 Cotyn
614 739 686 800 jubet,
703 755 764 786 mor-

10 840 13 847 .
101 805 194 862 temque
205 809 285 863 sponte
296 809 392 849 sumtam
404 803 532 850 ementitur.
559 802 610 849 Nec
621 811 696 850 tamen
709 803 763 853 Cae·

100 880 138 912 aar
147 865 240 927 placitas
252 868 322 915 semel
332 875 391 915 artes
401 868 511 924 mutavit3
529 867 575 921 sed,
587 867 692 914 defuncto
702 868 763 916 Pan-

100 930 137 984 do,
148 946 216 991 quern
228 932 270 978 sibl
280 931 392 979 insensum
404 933 557 993 Rhescuporis
567 934 681 994 arguebat,
693 932 763 981 Pom-

89 996 193 1057 ponium
209 995 323 1052 Flaccum,
341 1005 441 1045 veterem
458 997 573 1057 stipendiis
591 1005 615 1043 ct
631 995 693 1044 arcti
711 1013 763 1044 cum

98 1073 155 1122 rege
165 1061 268 1117 amIcitirl,
277 1077 350 1123 eoque
361 1062 584 1109 accommodatiorem
596 1062 624 1108 ad
633 1062 763 1117 fallendum,

98 1125 129 1171 ob
139 1125 162 1172 id
172 1127 272 1173 manium
283 1126 375 1174 Moesiae
386 1127 494 1190 profecit.

130 1188 240 1238 LXVII.
257 1190 353 1239 Flaccus
371 1193 395 1238 ln
405 1191 526 1238 Thraciam
543 1197 704 1252 transgressus,
721 1206 761 1252 per

87 1253 200 1316 iugentia
211 1257 326 1319 promissa,
338 1259 440 1317 quamvis
450 1256 580 1317 ambiguum
591 1263 615 1303 et
626 1255 710 1302 scelera
720 1271 761 1302 sua

96 1326 246 1381 reputantem,
265 1323 368 1384 perpulit,
388 1329 414 1368 ut
432 1320 536 1383 praesidia
545 1319 650 1367 Romana
660 1320 761 1367 intraret.

97 1380 244 1433 circumdata
254 1387 306 1433 hiuc
317 1387 372 1448 regi
384 1388 458 1448 specie
468 1385 566 1438 honoris,
578 1384 651 1431 valida
661 1399 756 1431 manus:

95 1449 223 1510 tribunique
237 1458 261 1497 et
282 1452 431 1504 centuriones,
454 1449 572 1502 monendo,
592 1449 712 1504 suadendo,
729 1457 759 1504 et,

94 1523 179 1574 quanto
190 1516 282 1578 lonqus
293 1516 456 1569 abscedebatur,
468 1515 577 1576 apertiore
587 1511 694 1569 custodit,
704 1530 758 1576 pos·

94 1583 168 1625 tremo
183 1596 279 1642 gnarum
291 1581 429 1628 necessitatis
446 1581 469 1625 in
483 1578 568 1624 Urbem
579 1577 675 1624 traxere.
709 1580 758 1626 Ac·

93 1650 185 1692 cusatus
206 1647 229 1691 in
251 1653 331 1692 senatu
350 1646 377 1692 ab
396 1659 466 1692 uxore
484 1641 571 1703 Cotyis,
591 1643 715 1698 damnatur,
732 1653 758 1691 ut

92 1709 172 1768 procul
191 1725 263 1772 regno
274 1717 394 1757 teneretur.
427 1707 523 1755 Thracia
541 1709 564 1753 in
584 1707 756 1756 Rhoemetalcen

93 1771 172 1828 titium,
184 1789 251 1834 quem
261 1775 360 1836 paternis
371 1773 469 1820 consiliis
479 1773 621 1820 adversatum
632 1774 756 1829 constabat,

93 1837 162 1900 inque
171 1839 254 1886 liberos
266 1837 347 1898 Cotyis
359 1839 478 1885 dividitur:
497 1839 569 1898 ilsque
580 1837 680 1883 nondum
692 1838 755 1885 adul·

93 1902 130 1957 tls,
142 1901 297 1951 Trebellieuus
308 1903 390 1958 Rufus,
401 1902 500 1964 praeturai
509 1901 607 1956 functus,
628 1902 699 1957 datur,
716 1904 754 1963 qui

91 1981 189 2028 regnum
211 1969 300 2015 interim
322 1975 433 2022 tractaret,
455 1967 564 2028 exemplo,
593 1982 638 2027 quo
660 1969 756 2029 majores

91 2030 199 2079 Marcum
221 2032 340 2095 Lepidum,
367 2032 485 2078 Ptolcmaei
507 2032 581 2078 liberis
602 2037 707 2084 tutorem,
731 2032 755 2078 In

89 2095 220 2159 AEgyptum
232 2100 346 2144 miserant.
377 2096 530 2158 Rhescuporis
542 2095 702 2141 Alexandriam
714 2096 756 2142 de·

89 2170 176 2216 vectus,
196 2169 264 2223 atque
274 2163 326 2217 illic,
344 2161 421 2223 fugam
433 2169 527 2217 tentans,
548 2176 576 2206 an
587 2159 641 2206 ficto
653 2161 754 2217 crimme,

79 2225 229 2273 Intcrlicitur.

122 2289 244 2338 LXVIII.
257 2290 371 2338 Paridem
382 2298 471 2353 tempus
482 2289 598 2345 Vonones,
610 2305 677 2352 quem
688 2290 751 2339 amo·

87 2361 135 2402 tum
147 2356 171 2402 iu
183 2353 286 2404 Cilicitrm
297 2357 426 2410 memoravi,
443 2356 554 2417 corruptIs
564 2355 699 2411 custodibus,
718 2356 752 2404 ef·

85 2419 168 2484 sugere
178 2421 207 2467 ad
218 2421 346 2476 Armenios,
358 2422 410 2468 inde
421 2422 444 2467 ln
456 2421 558 2468 Albanos
566 2419 751 2482 Heniochosque,

79 2494 111 2532 ·et
129 2487 323 2548 consanguIneum
342 2487 383 2533 sibi
401 2501 480 2548 regem
497 2485 638 2546 Scytharum,
659 2492 753 2533 conatus

86 2558 129 2596 est.
161 2551 242 2612 SpecIe
256 2553 360 2608 venandi,
379 2551 471 2601 omissis
487 2551 610 2599 maritimrs
623 2550 696 2604 tous,
710 2549 767 2598 aim

76 2615 176 2689 saltuum
185 2616 268 2678 petiit:
289 2634 346 2668 mox
357 2621 500 2687 pernicitate
512 2619 570 2684 equi
580 2617 612 2665 ah
617 2627 718 2665 amnem
722 2610 781 2669 ay-

65 2690 155 2724 roosum
164 2683 294 2745 eonoendit,
306 2691 378 2757 cujus
386 2699 482 2765 pomos
490 2717 493 2721 -
501 2687 599 2762 accolas
607 2684 739 2745 rupem&
753 2687 802 2721 W
