1680 2910
62 168 84 207 J.
92 168 117 208 c.
128 174 160 210 aa·
246 165 298 214 Lm.
310 164 368 214 Vll.
385 165 584 216 ANNALIUM.
682 174 727 216 231

61 297 184 358 quamdam
194 298 306 354 insanum,
326 300 418 347 somine
436 297 553 353 curabam,
572 299 726 361 ragioomatu

61 370 88 410 et
98 363 207 419 comitatu
218 363 359 419 extollerent,
371 363 492 425 Marinque
503 365 633 411 edutsrsnt.

98 424 251 490 [Atmcitates
269 430 362 491 privatis
380 430 512 485 hominibus,
529 429 612 476 nedum
629 428 729 491 regibus,

63 493 217 542 intolerandas
228 492 309 542 acuere
319 496 367 541 dira
377 495 494 542 adversum
508 493 609 549 ludaeos,
626 494 729 541 Alexan·

61 558 119 605 driae
129 558 221 614 incolas,
232 567 319 622 patrata
328 560 435 607 facinora.
461 559 620 614 Querebantur
629 559 727 620 pollutas

62 625 215 685 proseucbss;
232 626 311 672 domos
327 625 437 686 direptam
454 638 532 672 omnes
545 624 642 671 fortunis
652 625 729 671 detur-

61 688 142 745 batos;
159 690 235 752 gentis
246 697 361 736 senatores
374 690 501 736 verberibus
518 704 604 746 caesos;
620 688 728 750 epopulo

62 752 174 816 plurimos
184 755 278 809 occisos,
289 753 430 811 flammatum
442 768 466 801 se
477 755 544 801 etiarn
556 769 569 801 a
579 754 676 815 preside
683 752 727 799 im·

61 817 160 879 peditus,
176 834 206 865 ne
221 819 344 882 principem
361 821 389 866 de
398 820 525 874 bonoribus,
542 834 599 879 quos
609 819 631 865 ei
641 818 731 880 publice

63 881 218 940 decreverant,
229 885 347 932 certiorem
354 883 461 933 iacerent.
494 884 560 930 Nihil
569 883 667 943 danique
677 898 729 930 cru·

62 946 163 996 delitstis
173 949 315 1002 intentatum,
326 956 352 995 ut
362 965 426 1011 gens,
437 950 492 995 vitae
502 951 597 1010 integro,
610 945 728 997 Caesarum

62 1026 177 1066 reverens,
193 1015 283 1075 periret.
314 1014 423 1076 Agrippa,
440 1011 481 1060 suri
491 1012 621 1068 offensione,
633 1013 729 1075 popula·

62 1077 123 1123 n’um
134 1078 260 1126 calamitate
269 1080 421 1133 exacerbatus,
433 1078 509 1125 omnia
520 1075 576 1126 Cain
585 1077 729 1124 renuntiavit.

97 1139 181 1205 [Haud
198 1151 333 1206 exspectato,
351 1144 383 1190 uti
401 1144 470 1190 rubris
487 1150 544 1201 erat,
560 1149 642 1204 coeptae
656 1141 728 1189 admi·

62 1207 203 1255 nistrationis
219 1208 270 1265 fine,
287 1209 389 1271 princeps
405 1208 480 1255 statim
495 1209 557 1254 misit
567 1207 665 1254 Bassum
676 1221 728 1253 cum

62 1273 163 1332 cohorte,
180 1275 218 1334 qui
237 1272 344 1321 Flaccum
363 1274 565 1335 comprehenderet,
582 1270 727 1331 Romamque

24 1391 26 1395 ¹
61 1337 202 1400 perduceret.
234 1337 351 1392 Centurio,
375 1337 473 1386 Pbarum
492 1339 606 1393 advectus,
626 1336 727 1383 Alexan·

63 1401 135 1448 driam
147 1403 272 1450 clanculum
288 1403 419 1466 ingreditur,
437 1403 588 1462 Flaccumque
595 1403 728 1464 imparatum

62 1472 88 1513 et
106 1468 263 1515 convivantem
282 1469 436 1524 circumvenit,
458 1469 597 1530 stupentibus
616 1467 726 1520 omnibus,

62 1529 153 1580 Judaeis
171 1548 198 1579 eo
217 1533 344 1587 laetioribus,
361 1535 422 1594 quod
438 1533 546 1580 scelerum
557 1546 625 1594 poena
635 1532 658 1577 in
669 1530 729 1577 diem

62 1595 154 1652 festum,
171 1598 304 1659 primoribus
314 1600 390 1660 gentis
400 1600 424 1645 in
435 1598 524 1646 vincula
535 1597 648 1659 conjectis,
659 1595 729 1643 omis-

63 1675 122 1717 sum,
139 1663 260 1710 incidisset.
291 1662 390 1710 Turbida
400 1664 468 1710 maris
478 1675 611 1724 perpessum
628 1676 658 1707 ne
674 1659 728 1722 quid

63 1726 138 1774 adbuc
149 1728 274 1775 acerbitatis
285 1728 379 1783 deesset,
387 1735 528 1776 accusatores
535 1728 660 1781 criminum,
672 1741 730 1786 quos

63 1790 118 1838 olim
136 1805 238 1839 suasores
254 1794 367 1848 habuerat,
385 1791 526 1854 Lamponem
542 1799 566 1840 et
581 1791 694 1839 Isidorum
704 1791 730 1839 in

38 1897 41 1904 .
64 1853 130 1902 Urbe
141 1857 229 1918 reperit.
572 1892 574 1896 ,

97 1917 198 1983 [Praeter
213 1922 378 1969 criminationes
392 1922 420 1969 ab
431 1920 534 1984 Agrippa
543 1920 674 1983 Judoelsque
685 1921 726 1968 ob·

62 1983 128 2042 latas,
149 1983 234 2033 Tiberii
252 1986 415 2042 benevolentia,
436 1993 578 2048 pronepote
594 1993 654 2040 vota,
671 1984 727 2032 Ma·

61 2050 138 2096 cronis
148 2050 302 2108 familiarium
319 2068 347 2099 eo
358 2052 484 2114 superstite,
496 2066 563 2113 spem
581 2051 662 2102 occiso,
673 2051 726 2096 tris·

62 2115 128 2172 titia3
145 2123 211 2162 antea
221 2131 272 2163 non
287 2117 351 2170 male,
368 2117 462 2179 posthac
478 2117 507 2164 ob
521 2123 598 2163 vetera
607 2115 631 2162 in
644 2113 726 2164 Caium

61 2179 115 2226 odia
124 2180 221 2242 pessime
231 2181 384 2228 administrata
393 2181 514 2244 provincis,
531 2181 619 2242 aliaque
646 2180 728 2226 lurima

63 2244 236 2307 objectabantur.
253 2245 350 2306 Jamque
361 2245 469 2293 Flaccum
480 2247 503 2292 in
515 2245 611 2293 insulam
645 2257 725 2306 ysrum

61 2309 210 2370 relegandum
221 2312 349 2365 censebant,
365 2327 426 2368 cum,
438 2312 571 2373 deprecante
582 2309 619 2356 Μ.
631 2308 726 2371 Lepido,

63 2372 175 2429 Andmm,
193 2376 256 2422 bonis
266 2376 360 2438 principi
372 2376 481 2438 sepositis,
498 2376 627 2438 deportatus
637 2382 679 2421 est.

101 2436 178 2501 [Dum
200 2447 299 2497 senatus,
324 2441 408 2502 punitis
429 2441 610 2503 grassationibus,
634 2439 727 2501 provin·

62 2502 149 2549 ciarum
160 2505 314 2566 tranquillitati
329 2505 465 2562 consulebat,
481 2506 585 2569 princeps
599 2503 670 2551 Urbis
688 2503 727 2550 de-

62 2583 123 2623 cora,
145 2568 247 2630 publicos
264 2584 324 2624 usus,
348 2571 493 2633 privatasque
511 2569 653 2632 uoluptates,
670 2582 738 2612 nunu

58 2632 116 2678 artis
124 2633 235 2680 miraculo
243 2637 407 2697 promovebat.
440 2636 542 2700 Maiora
551 2635 627 2688 enirm,
641 2624 766 2690 sust

49 2691 155 2744 Marcius
164 2695 228 2758 Rex,
247 2707 274 2750 et
286 2717 347 2754 arus
361 2721 422 2757 suus
435 2705 559 2773 Agrippi,
574 2698 692 2748 mim
703 2695 795 2770 mm.
