1680 2910
70 131 117 174 aaa
261 120 554 177 SUPPLEMENTUM
622 128 732 179 uem.

68 257 94 304 in
104 257 265 320 turpitudinem
279 264 390 320 corrupta.
424 255 504 303 Patres
522 256 594 311 euim,
613 257 740 319 aprineipe·

69 332 168 385 rogatos,
185 323 245 370 haud
262 324 341 385 puduit
359 321 479 368 theatrales
500 328 656 383 cruentasque
673 322 733 383 leges

70 388 172 443 scribere,
191 395 214 433 et
224 387 430 435 senatdsconsulto
440 387 557 433 decretum
572 401 604 433 ne
614 387 639 433 in
649 387 732 449 gladia-

70 453 133 498 toriis
144 454 272 499 muneribus
283 454 318 499 sir
329 453 401 497 virum
412 451 505 512 legeret,
523 451 564 497 sed
582 466 665 499 omnes
674 464 732 513 proe·

69 517 151 563 liorum
169 532 231 564 more
247 517 364 565 confertim
375 522 537 578 appugnarent.
570 515 732 579 NonJamsu·

71 582 131 637 dore,
144 591 167 629 nt
178 584 287 644 sanguine
297 589 320 628 et
331 590 404 627 morte
414 588 519 627 certatur.
552 580 691 627 Animarum
702 581 734 625 ri·

69 647 139 700 litate,
159 648 285 709 populoque
303 648 331 692 ad
342 661 382 692 sua
392 645 472 691 funera
481 645 612 707 plaudente,
631 644 734 692 efferatus

69 712 173 772 princeps
184 713 276 772 quosvis
292 713 320 757 ad
336 710 409 758 caedes
427 710 540 771 postulat:
561 725 604 756 sex
619 717 644 757 et
654 710 734 772 viginti

70 777 157 835 equites
170 776 257 823 funebri
268 792 361 822 munere
371 775 466 837 perimit.
500 772 608 835 Cumque
619 788 733 836 nunquam

69 841 99 885 sit
110 841 246 887 crudelitatis
257 842 329 895 satias,
338 849 361 888 et
369 840 488 899 aliquando
498 840 600 886 mutuati
611 840 641 886 ad
651 840 735 887 belluas

71 904 129 949 haud
141 905 273 960 sufficerent,
288 907 354 969 jubet
365 911 502 965 spectatores
518 905 608 966 corripi,
620 905 733 967 praecisis·

71 984 114 1028 quc
126 969 214 1031 linguis,
227 977 251 1016 ut
262 979 354 1031 questus
364 980 388 1015 et
398 969 511 1015 miseratio
522 969 695 1025 intercludatur,
706 969 733 1016 ad

69 1032 129 1079 feras
140 1035 229 1097 proJ'icir
250 1051 292 1082 nec
303 1051 385 1083 vesano
396 1034 473 1090 furori,
492 1034 535 1080 nisi
553 1034 679 1082 levioribus
689 1049 734 1081 cte·

70 1098 139 1152 dibus,
152 1108 268 1175 temperat.

103 1159 196 1225 [Macro
206 1165 292 1241 primus
307 1167 331 1211 in
347 1181 426 1228 poenas
442 1164 494 1211 ruit.
526 1161 638 1212 Certus
630 1178 733 1211 insanam

69 1227 251 1283 dominationem,
271 1232 294 1276 in
313 1246 383 1288 suam,
399 1232 628 1293 ejusqueauctorum,
644 1230 733 1276 urinam

69 1307 170 1355 vergere,
189 1295 319 1357 principem,
338 1311 404 1356 quern
416 1304 450 1342 ter
460 1295 534 1370 morti,
552 1294 680 1355 imperante
690 1292 732 1340 Tr-

69 1358 136 1413 berio‚
150 1359 290 1414 subduxerat,
302 1369 325 1406 et
336 1375 431 1407 summae
438 1374 471 1405 rei
464 1359 619 1412 admoverat,
627 1359 733 1405 modera-

69 1423 143 1477 tionis,
164 1423 296 1479 clementiae,
314 1425 457 1472 humanitatis
475 1423 587 1470 monebat.
623 1421 733 1477 Consilia,

69 1501 99 1533 ne
111 1488 133 1534 in
143 1488 219 1535 Silano
230 1488 328 1550 quidem,
340 1505 424 1544 socero,
439 1496 462 1534 et
472 1496 572 1548 expertae
583 1488 730 1541 virtutis-to·

68 1552 144 1608 lerata,
163 1554 186 1599 in
198 1553 315 1608 Macrone,
335 1554 446 1615 quondam
461 1552 620 1598 adulteriorum
632 1568 731 1608 suasore,

69 1626 132 1662 erant
143 1619 216 1680 magis
227 1619 304 1665 invisa
336 1618 495 1666 Dissimulavit
504 1624 580 1663 tamen
592 1615 679 1671 Caesar,
691 1633 731 1665 ve·

69 1682 122 1726 teris
133 1684 213 1744 gratiae
224 1698 316 1739 mernor,
335 1700 363 1730 an
377 1683 492 1747 praetorias
511 1682 616 1728 cohortes
626 1683 729 1729 veritus:

68 1760 129 1801 mox,
151 1748 248 1793 utillum
261 1749 381 1796 honorifice
395 1755 503 1801 amoveat,
515 1747 647 1808 AEgyptum
658 1747 679 1793 ei
691 1747 730 1793 de·

67 1811 144 1857 stinat.
176 1811 209 1857 At
225 1828 276 1858 curn
294 1814 351 1876 apud
360 1813 472 1874 principes
482 1812 559 1872 gravis
571 1813 599 1858 sit
609 1810 730 1858 beneficio-

69 1891 118 1921 rum
130 1878 244 1932 memoria,
256 1887 279 1924 et
295 1879 403 1925 scelerum
415 1879 465 1924 odia
476 1891 564 1936 semper
574 1883 688 1930 maneant,
707 1891 732 1922 se

69 1941 158 1986 tandem
177 1944 236 2004 grati
255 1945 337 2005 pariter
359 1953 382 1990 et
402 1942 483 1989 infensi
500 1941 568 1987 animi
585 1941 688 1994 absoluit,
709 1947 732 1987 et

69 2005 175 2051 illacroni
194 2023 320 2069 supremam
338 2009 493 2054 necessitatem
504 2006 591 2051 indixit
626 2005 731 2051 Uxorem

68 2071 116 2131 ejus
129 2071 234 2126 Enniam,
246 2074 286 2119 sibi
295 2089 377 2127 amore,
389 2080 507 2133 antequam
518 2070 678 2116 dominationis
688 2086 730 2131 po·

69 2137 155 2190 tiretur,
172 2137 286 2198 illigatam,
299 2139 365 2184 simul
375 2138 482 2199 perculit:
503 2133 580 2182 excisi
590 2149 681 2195 quoque
692 2150 730 2180 so·

67 2200 124 2253 bole,
136 2208 161 2246 ut
172 2202 227 2246 nihil
238 2203 321 2248 odiosae
333 2204 412 2249 domus
423 2207 556 2277 superesset.

102 2262 250 2340 [Hactenus
245 2283 267 2313 rn
278 2269 370 2328 privata,
387 2282 446 2313 nunc
458 2268 481 2311 iu
492 2266 578 2328 publica
590 2263 636 2310 fata
648 2264 730 2310 saerire

69 2331 144 2402 cupit,
154 2339 178 2375 ut
187 2332 304 2378 exhaustas
317 2348 370 2394 opes
383 2332 488 2378 reliceret.
507 2329 652 2376 Senatoribus
664 2344 729 2374 max-

69 2393 113 2438 ime
128 2409 153 2439 ac
165 2395 278 2442 ditissimis
295 2399 417 2457 quibusque
435 2396 565 2448 incubuia'
560 2410 582 2439 rn
600 2408 646 2446 eos,
663 2393 729 2439 sleuti

68 2457 143 2517 Sejani
162 2459 261 2513 clientes,
280 2463 356 2507 matris
367 2462 504 2522 fratrumque
515 2474 605 2506 suorum
617 2458 729 2504 delatores

66 2522 182 2569 insectus:
203 2527 295 2585 protulit
306 2526 398 2580 libellos,
410 2542 466 2586 quos
475 2533 526 2572 ante
538 2529 648 2570 crematos
657 2523 728 2569 simu·

66 2586 166 2635 luserat:
192 2592 348 2653 morbumque,
373 2607 419 2651 qun
439 2591 516 2635 iuerat
535 2589 649 2659 superiore
669 2602 728 2632 anno

63 2655 221 2717 ‹orlflictutus
244 2658 399 2724 plurimum
419 2655 509 2702 crimen
525 2649 607 2706 eaq‘rt'rs
626 2648 748 2689 eenrerur,
