1680 2910
50 132 148 172 J.c.21.
197 127 390 177 ANNALIUM
407 129 516 179 LnsIIL
529 129 636 180 Ctesi·
672 139 717 183 107

52 276 143 324 qnoque
152 261 176 307 in
188 258 304 322 Illyricum
314 259 459 321 proiectum
474 266 504 317 et,
521 261 540 308 si
554 262 586 309 its
601 263 719 322 conducet,

53 326 108 375 rliss
118 327 147 374 td
157 334 239 390 gentes
249 325 340 379 iturum,
356 325 416 371 lmud
426 340 515 389 semper
525 341 591 387 seque
601 329 683 385 enimn,
700 331 720 378 si

55 406 125 441 uxore
133 387 256 445 monime,
263 397 327 437 ettot
335 390 489 437 communium
494 389 614 439 liberorum
620 401 720 456 parente,

53 456 206 505 divelleretur.
237 454 276 502 sto
288 452 389 503 Caeeinae
400 454 512 501 sententie
522 454 592 504 eluse.
715 450 723 461 '

87 518 200 568 XXXV.
217 517 250 567 Et
260 519 357 582 proximi
367 519 458 566 senstls
467 519 509 574 die,
519 518 629 578 'liberine
641 538 682 585 per
691 523 720 571 ll-

56 592 115 634 terss
126 584 244 648 oostigrtis
258 584 348 645 oblique
362 584 469 646 patribus,
486 585 546 644 quon
557 594 639 634 cuneta
654 604 720 637 enrs·

55 666 105 698 suns
116 650 147 698 sd
157 649 280 712 prinoipem
287 650 411 711 rejicerent,
422 648 459 696 M.
468 647 579 711 lepidum
590 659 614 698 et
623 651 719 701 Junium

54 714 159 763 Blaesum
170 714 302 770 nominavit
312 711 400 775 exquir
408 715 529 775 proconsul
535 714 622 763 Afrieae
632 717 720 781 legere-

55 788 99 829 tur.
133 778 196 827 Tum
213 779 289 827 sudits
306 779 421 827 sorborum
439 779 512 834 verbu,
531 780 640 829 intentius
650 797 721 830 exou-

56 851 121 893 ωε
132 860 157 892 se
168 842 263 905 lepido,
280 859 333 890 cum
344 843 496 890 valetudinem
507 846 613 907 eorporis,
630 855 721 895 aetntem

56 910 158 964 iberum,
170 907 343 955 nubilemlilinm
351 908 496 955 obtenderet:
515 909 722 973 intelligereturque

57 976 133 1030 edem,
144 973 204 1035 quod
215 973 300 1029 silebit,
316 973 452 1020 avunculum
464 988 514 1020 esse
525 975 601 1037 Sejnni
611 975 722 1033 Blesum,

56 1047 126 1101 stque
135 1055 164 1087 eo
173 1038 327 1101 praevalidum.
360 1037 487 1099 Respondit
494 1037 592 1095 Blaesus,
602 1042 722 1102 speciete-

58 1105 166 1158 enssntis,
176 1104 217 1151 sed
227 1117 300 1163 neque
310 1100 388 1150 eidem
395 1103 567 1159 asseveratione,
575 1114 599 1151 et
608 1120 722 1154 consensu

57 1168 197 1219 edulsntium
208 1169 268 1215 bruel
273 1168 339 1230 jutus
350 1174 392 1214 est.

90 1231 218 1283 xxxvl.
234 1231 297 1280 Exin
306 1238 426 1295 promtum,
438 1231 497 1292 quod
508 1233 630 1281 multorum
638 1235 723 1282 intimis

56 1300 173 1365 questibus
184 1297 308 1360 tegebatur.
341 1295 463 1344 Incedebat
472 1297 533 1345 enim
544 1298 664 1346 deterrimo
674 1301 722 1346 eui·

57 1380 101 1429 qne
111 1364 210 1417 lieentia,
221 1363 314 1425 impune
323 1363 404 1425 probra
413 1370 437 1409 et
447 1362 554 1409 invidiam
565 1364 588 1409 in
599 1364 670 1410 bonos
680 1378 722 1411 es·

56 1429 149 1485 nitendi,
159 1425 248 1489 arrepti
257 1427 356 1490 imagine
364 1424 462 1475 Caesaris
468 1444 477 1484 ;
493 1427 610 1490 libertique
621 1429 688 1476 etiem
696 1444 723 1477 ae

56 1497 124 1551 sessi,
136 1501 232 1557 petrono
243 1492 281 1539 vel
291 1491 382 1539 domino
393 1507 446 1538 eum
456 1507 530 1548 voees,
542 1508 594 1540 eum
600 1495 722 1541 manunin-

57 1566 178 1614 tentnrent,
189 1557 249 1606 ultro
260 1558 423 1604 metuebantur.
456 1554 531 1618 Igitur
539 1555 568 1606 C·
576 1556 674 1612 Cestium
687 1574 723 1606 se·

57 1620 131 1681 nitor,
149 1623 269 1671 disseruitr
288 1620 406 1683 Principes
420 1621 510 1681 quidem
528 1623 600 1670 instar
618 1621 722 1671 Deorum

57 1704 125 1739 me:
145 1689 185 1736 sed
196 1701 290 1749 nequeo
301 1685 361 1740 Diis,
373 1686 502 1748 nisijustas,
514 1689 638 1750 supplicum
645 1704 724 1751 preces

57 1755 136 1810 audiri,
152 1768 228 1814 neque
241 1766 375 1812 quemqnam
391 1751 414 1797 iu
426 1749 563 1813 Capitolium
578 1753 649 1801 nlinve
663 1754 724 1801 urbis

58 1819 144 1882 templu
159 1816 285 1880 perfugere,
303 1823 329 1862 ut
344 1831 372 1862 eo
389 1817 486 1863 subsidio
500 1818 529 1864 ml
543 1817 630 1881 lingitis
640 1826 723 1865 utetur.

59 1884 164 1933 Abolitns
174 1883 238 1945 leges
248 1888 272 1928 el
287 1879 389 1929 funditus
400 1897 483 1936 versas,
499 1883 537 1928 ubi
553 1882 684 1938 infernin
695 1883 723 1928 li·

58 1950 121 1997 mine
132 1949 208 2001 ouriae,
225 1947 253 1995 sb
263 1944 343 1993 Aonie
353 1945 445 2002 Rufilli,
462 1962 528 2007 quum
542 1946 628 1994 fraudis
636 1949 677 1994 sub
685 1949 723 2010 ju»

58 2014 109 2061 dice
125 2013 285 2066 damnavisset,
302 2011 382 2072 probra
395 2012 435 2058 sibi
451 2019 475 2057 et
491 2005 559 2058 m'inae
573 2012 724 2066 intendentur,

59 2093 134 2140 neque
144 2078 193 2141 ipse
203 2077 285 2124 undeet
290 2078 330 2138 jus
341 2077 443 2137 experiri,
455 2076 484 2122 ob
495 2075 592 2137 effigiem
604 2077 724 2138 imperato·

58 2139 725 2268 nemzmrffltumtirnltm

365 2239 373 2262 ἲ
718 2238 725 2261 1

60 2274 125 2321 deret
135 2273 228 2320 ultionis
238 2271 374 2332 exemplum,
391 2271 463 2317 donee
475 2271 570 2317 accitum
586 2271 725 2318 convictam-

59 2354 105 2401 que
117 2337 207 2385 ettineri
217 2334 306 2398 publici
316 2332 498 2396 custodiijrresit.

94 2399 234 2451 XXXVII.
250 2400 284 2447 Et
292 2397 412 2448 Considius
423 2399 520 2461 AEquus,
532 2408 556 2447 et
566 2397 654 2448 Coelius
666 2398 726 2450 Cur·

61 2483 107 2523 sor,
119 2467 207 2528 equites
226 2465 296 2513 Rom.
313 2465 375 2526 qnod
390 2464 448 2511 lictis
465 2466 587 2528 majestatis
598 2467 727 2513 criminibus

61 2532 169 2595 Magium
182 2529 338 2585 cecilianum,
349 2537 476 2591 pretorem,
486 2529 629 2594 petivissent„
637 2538 733 2578 nuemre

56 2596 165 2658 principe,
183 2611 212 2644 so
226 2597 319 2646 decreto
334 2594 438 2657 senatis,
452 2597 538 2664 puniti.
570 2597 713 2658 limosoque
718 2594 751 2639 'ux
