1680 2910
58 111 160 159 J.C.19·
216 107 409 156 ANNALIIJM
426 107 479 154 Lu.
490 106 524 154 11.
537 107 595 157 Csr.
608 112 647 156 78.
696 114 725 157 85

58 238 143 298 quitur,
159 240 285 286 excessisse
302 238 471 286 Germanicum.
504 239 557 293 Quo
567 240 728 300 intemperati·

58 309 96 349 ter
110 311 212 366 recepto,
227 304 295 351 eredit
304 303 414 358 victimas,
424 304 471 351 adit
481 304 577 365 templu
596 320 668 365 neque
679 306 727 366 ipse

58 367 169 430 gaudimn
179 368 306 424 moderans,
326 377 350 414 et
366 369 440 431 magis
449 369 599 416 insolescente
610 368 727 422 Plancina.

59 447 114 493 quse
124 433 212 481 luctum
227 434 317 480 smissae
333 433 416 480 serens
427 440 477 479 tum
487 434 582 496 primum
599 434 652 481 laeto
664 435 727 481 cultu

59 497 165 545 ιιιιιιιινίι.

95 560 218 610 LXXVI.
234 561 366 610 Affluebent
384 563 534 617 centuriones,
553 564 727 624 monebantque,

60 635 151 689 promtu
161 627 194 675 illi
208 627 324 689 legionum
342 627 430 674 studia:
451 635 561 690 repeteret
579 630 725 690 provinciam,

60 691 168 755 nonjure
178 692 280 747 ubuum,
291 700 316 739 et
325 707 427 740 vacuum.
449 690 530 754 Igitur,
541 694 594 753 quid
605 695 725 756 egendum,

60 757 205 812 consultanti,
225 756 263 804 M.
271 757 326 805 Piso
337 756 396 803 lilius
410 758 573 819 properandum
591 759 614 805 ln
633 758 726 814 Urbem,

61 822 183 869 emebat:
203 821 260 868 nihil
275 823 347 869 adhue
366 822 498 885 inexpiabile
509 823 637 878 admissum,
654 839 727 884 neque

60 886 200 949 susspiciones
211 887 339 943 imbecillus,
350 895 389 934 ιιιιι
399 888 474 934 inanis
483 887 550 934 fame
565 889 725 950 pertimescen-

61 951 106 998 da:
126 951 259 999 discordiam
270 967 326 1014 erga
334 952 495 999 Germanicum
507 953 559 1000 odio
568 953 664 1000 fortasse
676 953 726 1015 dig·

61 1031 122 1071 mun,
134 1031 180 1063 non
190 1015 270 1079 prend:
284 1024 308 1064 et
318 1017 445 1064 ademtioue
454 1017 576 1079 provinciae
587 1018 725 1064 satisfactum

60 1079 167 1128 lnimieis.
200 1080 270 1135 Quod
288 1083 307 1128 si
323 1082 484 1144 regrederetur,
502 1083 624 1129 obsistente
640 1083 725 1138 Sentio,

61 1145 129 1192 eirile
139 1145 240 1193 bellum'
228 1147 316 1209 mcipi:
337 1161 379 1193 nee
395 1147 535 1193 duraturos
528 1161 552 1193 ιιι
563 1148 663 1208 pertibus
673 1163 728 1194 cen·

61 1211 163 1258 turinnes
181 1210 315 1272 militesque,
337 1212 397 1273 apud
415 1226 472 1272 quos
489 1226 568 1258 recens
586 1212 726 1274 imperatoris

60 1275 97 1323 sui
115 1276 230 1332 memoris,
253 1283 277 1323 et
294 1277 384 1339 penitus
400 1275 506 1323 infixus
499 1291 523 1322 ιιι
542 1273 645 1324 caesares
664 1292 727 1324 amor

58 1341 201 1404 prevaleret.

94 1404 230 1453 LXXVII.
240 1403 328 1454 Contra
339 1405 456 1454 DomitIus
467 1404 541 1462 Celer,
552 1421 582 1452 ex
589 1403 669 1453 intima
679 1408 728 1469 eJ‘us

61 1468 167 1525 amicitid,
179 1471 296 1518 disseruit.
315 1471 432 1518 Utendum
444 1480 533 1519 eventu.
555 1471 668 1526 Frsonem,
681 1484 727 1518 non

62 1535 175 1590 Sentium,
186 1537 260 1597 Syriae
270 1537 427 1599 praeposimrn:
441 1537 493 1582 huic
503 1537 575 1583 fasces
586 1545 609 1583 et
615 1539 656 1599 jus
665 1552 725 1598 prae·

61 1601 125 1656 toris,
143 1601 196 1648 buie
214 1601 316 1664 legiones
335 1602 413 1648 datas:
433 1603 452 1648 si
469 1602 521 1662 quid
538 1603 635 1648 hostile'
630 1609 727 1663 ingruat,

60 1666 222 1727 quernJ'ustius
232 1682 294 1713 arma
304 1667 465 1729 oppositurum,
477 1669 515 1727 qui
526 1667 595 1728 legati
606 1668 726 1714 auctorita-

62 1732 128 1788 tem,'
137 1739 161 1777 et
172 1732 262 1794 propria
272 1733 377 1779 mundata
386 1732 515 1793 acceperit?
543 1730 725 1793 Relinquendum

60 1795 130 1841 etium
141 1797 269 1842 rumoribus
278 1804 374 1858 tempus,
387 1812 431 1857 quo
442 1803 575 1843 senescant:
595 1797 726 1860 plerumque

62 1861 196 1907 innoeentes
214 1862 298 1908 recenti
317 1862 522 1924 invidiaeimpnres·
553 1863 593 1916 At,
613 1863 632 1908 si
652 1868 727 1908 teneat

61 1925 193 1980 exercitum,
215 1934 296 1989 augeat
314 1927 381 1981 vires,
399 1927 476 1983 multa,
492 1941 543 1987 quae
553 1927 665 1988 provideri
681 1941 727 1972 non

60 1991 155 2052 possint,
166 1990 260 2038 fortuito
271 1993 294 2037 in
303 1992 384 2039 melius
395 2005 480 2044 casura„
513 1991 575 2037 “An
586 1991 725 2045 festinemus,

63 2069 115 2101 curn
128 2055 260 2102 Germanici
271 2057 382 2104 cineribus
392 2057 510 2118 appellere,
529 2063 553 2102 ut
564 2063 587 2102 te
603 2055 727 2102 inauditum

60 2128 85 2164 et
95 2119 237 2167 indefensum
247 2121 350 2184 planetus
361 2121 501 2184 Agrippinae,
520 2136 546 2167 ac
560 2121 643 2182 vulgus
654 2120 727 2182 impe·

62 2185 137 2240 ritum,
157 2186 231 2247 primo
250 2201 340 2232 rumore
358 2185 462 2248 rapiant?
490 2185 536 2232 Est
554 2185 593 2231 tibi
613 2185 727 2247 Augustae

61 2250 216 2307 eonscientin3
233 2257 268 2297 est
288 2249 386 2299 Caessris
402 2250 473 2306 favor,
492 2251 551 2298 sed'
545 2265 569 2296 ιιι
580 2250 684 2297 occulto:
704 2258 729 2298 et

61 2314 143 2375 peritae
155 2285 317 2362 Germanicum
336 2315 391 2363 nulli
405 2317 528 2379 jactantius
539 2322 642 2371 moerent,
659 2331 726 2392 quarn

60 2380 98 2439 qui
110 2381 209 2426 maxime
219 2379 348 2428 letantur)

95 2441 246 2491 LXXVIII.
258 2444 329 2492 Haud
339 2445 424 2507 magud
434 2446 494 2493 mole
506 2444 566 2522 PIsp,
578 2453 681 2509 promtus
691 2445 726 2491 fe·

63 2509 182 2562 rocibuss
176 2525 200 2556 m
218 2511 473 2560 sententinmtrehitur·
491 2509 733 2574 missimusnd'l'xbe·

59 2573 117 2617 rium
128 2573 248 2634 epiuobs'
239 2583 330 2629 incusat
343 2577 516 2630 Germanieum
529 2578 607 2628 luxus
624 2583 652 2623 et
666 2587 750 2636 euper-

50 2635 108 2691 lim
124 2651 197 2700 oeqve
205 2641 312 2705 pulsum,
333 2657 363 2697 ut
374 2648 447 2700 loeus
459 2650 535 2702 rebus
549 2637 775 2707 nen'nputsbsffi
