1680 2910
79 169 128 214 162
160 159 354 215 ANNALIUM
369 162 425 213 Lm.
433 160 600 214 Nifaten.
631 164 750 215 mmm.

79 295 153 351 causi,
170 296 236 342 amici
251 302 290 342 aut
305 296 424 344 necessarii
441 297 538 351 aberant,
554 309 639 355 pavere
654 302 746 345 tamen.-

80 377 153 422 neque
164 361 217 407 dum
228 369 350 423 comperto,
366 360 471 423 quasilla
481 361 516 408 vis
526 361 666 423 perculisset,
678 361 747 410 latior

80 441 110 473 ex
120 427 207 472 incerto
217 434 299 474 metus.

112 488 211 537 Lxllt
228 490 263 537 Ut
279 486 367 552 coepdre
384 491 492 537 dimoveri
511 491 604 547 obruta;
621 505 746 539 conmissus

81 557 110 603 ad
121 557 243 612 exanimos,
256 556 459 617 complectentium,
471 555 632 602 osculantium:
651 563 677 602 et
687 571 747 618 aaepe

79 627 201 676 certarnen,
217 637 236 668 sa
246 620 360 668 confusior
370 620 445 675 facies,
463 628 486 668 et
496 636 536 684 par
545 619 620 666 forma
634 627 674 667 aut
684 628 747 678 aetas

80 700 180 732 errorem
198 686 372 747 agnoscentibus
390 683 480 732 fecerat.
513 684 686 746 Quinquaginta
705 687 746 733 bo·

80 751 167 796 minum
186 751 299 797 milliaco
318 765 371 796 casu
390 750 503 797 debilitata
520 749 557 796 vel
576 750 659 796 obtrita
677 758 745 800 aunt:

81 821 217 875 cantumque
236 816 390 876 inposterum
408 814 622 867 senaim-consulto,
645 830 675 860 ne
697 816 747 876 quia

80 880 237 942 gladiatorium
248 894 330 925 munus
341 879 423 933 ederet,
438 880 473 925 cui
485 879 558 926 minor
568 879 747 941 quadringento-

82 960 131 991 rum
143 944 237 990 millium
249 960 299 1000 res;
316 954 375 990 nev'e
385 944 572 1005 amphitheatrum
586 944 747 1005 imponeretur.

82 1010 125 1057 nisi
137 1009 185 1055 solo
192 1007 303 1055 firmitatis
314 1011 428 1070 spectatae.
461 1007 546 1055 Atilius
556 1009 580 1053 in
590 1008 697 1055 exsilium
707 1025 746 1057 no·

82 1081 119 1120 tua
134 1081 176 1119 est.
209 1071 331 1129 Caeterum,
351 1075 393 1120 sub
409 1080 522 1120 recentem
541 1073 634 1128 cladem,
653 1072 748 1136 patuere

80 1153 199 1200 procerum
211 1139 297 1193 domus,
313 1138 414 1186 fomenta
427 1145 450 1186 et
460 1138 540 1185 medici
550 1138 632 1200 passim
644 1139 745 1200 praebiti:

80 1202 167 1264 fuitque
180 1202 241 1250 Urbs
256 1220 297 1265 per
311 1205 361 1251 illos
372 1205 426 1260 dies,
442 1218 577 1265 quamquam
587 1202 672 1250 moeatd
681 1202 746 1260 facie,

79 1279 181 1316 veterum
201 1269 311 1316 institutis
324 1270 409 1324 similis,
428 1270 473 1331 qui,
490 1283 574 1331 magna
589 1275 642 1330 post
659 1269 747 1331 praelia,

81 1335 169 1380 saucios
179 1333 300 1395 largitione
310 1340 333 1380 et
343 1332 398 1381 curia
407 1335 568 1381 sustentabant.

112 1396 206 1444 LXIV.
225 1397 333 1445 Nondum
345 1414 372 1446 ea
384 1399 458 1446 clades
471 1400 606 1453 exoleverat,
621 1414 674 1447 oum
686 1399 747 1462 ignia

81 1464 189 1510 violentia
201 1461 287 1510 Urbem
300 1464 358 1511 ultra
368 1464 459 1511 solitum
475 1463 555 1519 affecit,
572 1465 652 1511 deusto
668 1471 747 1512 monte

82 1526 168 1576 Caelio:
187 1527 324 1589 feralemque
334 1544 418 1576 annum
428 1529 535 1584 ferebant,
548 1536 572 1575 et
583 1529 696 1577 ominibus
705 1529 746 1577 ad

81 1593 152 1640 versis
164 1601 291 1654 susceptum
299 1593 392 1656 principi
400 1594 516 1640 consilium
524 1594 638 1648 absentiae,
649 1595 746 1655 quimos

81 1657 158 1718 vulgo,
175 1657 268 1705 fortuita
283 1659 312 1704 ad
328 1660 415 1721 culpam
432 1659 560 1715 trahentem
578 1660 601 1705 ni
613 1657 746 1708 Cumula-

81 1722 141 1768 viam
152 1717 214 1775 isset,
232 1723 349 1770 tribuendo
362 1725 468 1785 pecunias
483 1739 512 1770 ex
525 1724 593 1770 modo
608 1724 745 1772 detrimenti.

81 1785 194 1845 Actaeque
205 1786 225 1832 ei
240 1795 317 1848 grates
331 1789 390 1849 apud
406 1795 508 1835 senatum
524 1790 551 1834 ab
564 1788 694 1845 illustribus,
710 1788 745 1837 fa·

82 1849 165 1911 mdqne
176 1851 235 1912 apud
244 1853 359 1914 populum,
371 1853 429 1913 quia,
438 1853 486 1899 sine
492 1854 613 1900 ambitione
622 1861 662 1901 aut
668 1852 746 1916 proxi·

81 1931 171 1962 morum
189 1917 299 1978 precibus,
315 1918 408 1979 ignotos
418 1919 485 1964 etiarn
497 1926 521 1964 et
531 1918 590 1965 ultro
597 1919 682 1965 accitos
693 1934 746 1967 mu.-

80 1979 196 2028 nificentiia
211 1983 311 2044 juverat.
342 1982 465 2028 Adduntnr
486 1983 611 2038 sententiae,
631 1990 657 2030 ut
679 1998 747 2033 mons

83 2044 169 2094 Caelius
179 2047 203 2092 in
214 2054 328 2108 posterum
340 2046 460 2107 Augustus
468 2047 628 2108 appellaretur:
649 2049 745 2108 quando,

81 2112 169 2158 cunctis
180 2112 265 2158 circum
276 2111 428 2173 flagrantibus,
440 2112 489 2158 sola
497 2111 581 2158 Tiberii
592 2112 686 2173 effigies,
703 2113 746 2163 sita

80 2176 105 2222 in
121 2177 189 2222 domo
203 2175 267 2223 Junii
278 2177 393 2230 senatoris,
404 2175 511 2222 inviolata
521 2177 648 2224 mansisset.
681 2176 744 2224 Eve-

81 2240 141 2286 nisae
152 2241 176 2285 id
186 2241 239 2285 olim
249 2238 351 2289 Claudiae
363 2240 463 2296 Quintae,
479 2242 571 2303 ejusque
582 2248 687 2295 statuam.
699 2243 746 2289 vim

80 2305 168 2366 ignium
177 2305 211 2349 bis
219 2304 322 2366 elapsam,
330 2307 425 2368 majores
432 2306 489 2368 apud
496 2307 567 2353 aedem
576 2305 660 2352 Matris
668 2305 746 2354 Deum

79 2369 262 2426 consecravisse3
280 2377 371 2417 sanctos
381 2379 529 2432 acceptosque
540 2372 667 2417 numinibus
678 2370 747 2420 Clau-

81 2434 144 2481 dios:
164 2441 187 2479 et
198 2435 323 2495 aagendam
335 2435 486 2482 caerimoniam
497 2437 555 2490 loco,
567 2438 589 2483 in
601 2452 646 2498 quo
658 2445 746 2485 tanturn

81 2499 105 2545 in
117 2499 239 2560 principem
250 2499 358 2546 honorem
370 2499 412 2546 Dii
423 2501 568 2548 ostenderint.

115 2563 196 2610 LXV.
214 2561 285 2611 Haud
305 2564 374 2612 fuerit
392 2566 513 2612 absurdum
529 2566 627 2618 tradere,
646 2573 751 2612 montem

73 2645 128 2679 curn
145 2631 273 2695 antiquitus
287 2630 506 2695 Querquetulanum
520 2635 677 2688 cognomento
685 2628 768 2677 tuam

64 2700 132 2762 quod
150 2701 205 2751 talis
226 2702 297 2754 silvae
315 2701 432 2766 frequens
451 2694 616 2751 fecundusque
634 2693 699 2732 erat·-
721 2697 783 2729 mox
