1680 2910
71 137 103 181 86
152 128 347 180 ANNALIUM
362 128 417 178 Lm.
428 124 463 177 11.
474 125 587 178 cass
618 118 736 180 mem.

71 263 193 311 silentitet
203 263 319 324 gemitum
335 261 392 308 nihil
405 259 555 322 compositum
571 260 737 308 inostentotio·

72 344 137 376 nem:
151 335 181 383 et,
189 342 324 389 quamquem
332 341 404 387 neque
410 327 535 387 insignibus
545 325 673 387 lugentium
685 327 736 373 ebe-

71 395 177 447 tinerent,
195 393 262 439 ultius
281 393 362 439 mimis
380 392 512 438 moerebunt.
545 389 616 437 Forte
631 392 736 453 negotie-

72 466 140 512 tores,
151 459 244 505 vivente
254 457 326 504 adhuc
338 457 475 504 Germsrrico
487 454 554 517 Syrte
567 457 660 519 egressi,
677 457 737 503 laeti·

72 539 113 570 nm
124 524 152 570 de
163 522 290 570 valetudine
300 523 349 586 ejus
359 519 468 568 sttultire:
488 521 563 568 stetim
580 521 671 577 credita,
691 528 738 569 stu·

73 589 116 635 tim
127 587 220 650 vulgrtr
229 598 297 634 sunt:
317 587 446 647 utquisque
456 587 543 640 obvius,
562 586 666 646 quumvis
679 586 737 633 levi·

74 660 109 700 ter
120 653 201 709 audito,
213 653 383 713 inminentque
392 651 424 697 illi
434 652 459 697 in
470 651 545 714 plures
555 651 670 698 cumulate
680 666 738 714 guu-

74 718 111 765 dio
122 717 275 765 transferunt:
294 723 432 778 cursantper
442 717 530 762 urbem:
544 716 668 763 moliuntur
679 724 739 763 tem·

74 784 163 845 plorum
173 782 249 830 iores:
263 783 325 845 juvit
343 781 496 828 credulitatem
516 795 568 835 nox,
588 786 612 827 et
629 781 740 842 promtior

74 849 134 895 inter
145 849 248 894 tenebras
259 847 385 894 affirmatio.
416 845 468 892 Nec
486 845 571 892 obstitit
587 844 650 892 irrisis
668 844 739 893 Tube·

74 915 130 967 rius,
141 913 212 959 donec
223 920 323 974 ternpore
338 927 365 958 ac
379 911 450 972 spatio
467 917 621 974 rarescerent.
652 908 686 958 Et
696 926 739 974 po-

75 979 141 1041 pulus
152 978 215 1038 quusi
226 992 314 1023 rursum
325 984 427 1037 ereptum
438 976 511 1022 acrius
520 975 599 1022 doluit·

95 1060 98 1067 ·
108 1039 259 1088 LXXXIIL
275 1040 390 1096 Honores,
402 1048 427 1087 ut
437 1041 488 1102 quis
498 1055 575 1087 amore
584 1041 608 1086 in
617 1039 740 1089 Germnni·

78 1122 129 1155 cum
141 1114 180 1154 eut
190 1107 282 1168 iugenio
292 1106 385 1162 validus,
404 1105 487 1167 reperti
497 1105 642 1166 decretiquer
660 1113 686 1152 ut
697 1121 739 1153 no·

78 1187 131 1219 men
142 1173 190 1235 ejrrs
209 1172 287 1219 Saliari
304 1172 403 1218 carmine
419 1177 550 1217 coneretur:
570 1170 635 1217 sedes
652 1171 742 1218 curules

77 1238 218 1285 sacerdotum
230 1236 389 1299 Augustalium
396 1236 459 1290 locis,
469 1249 578 1296 superque
588 1250 626 1282 eus
637 1249 742 1296 quercea

78 1316 169 1350 corone
180 1308 342 1348 statuerentur:
361 1301 427 1347 ludos
438 1301 549 1346 circenses
559 1300 643 1347 eburno
708 1301 742 1348 ies

79 1368 182 1429 praeiret:
201 1381 260 1412 nere
270 1367 321 1426 quis
331 1365 414 1412 flumen
426 1372 465 1411 aut
475 1380 548 1427 augur
558 1365 581 1411 in
592 1365 668 1411 locum
706 1380 741 1413 er·

79 1433 168 1486 manici,
186 1431 229 1477 nisi
247 1431 323 1493 gentis
341 1429 416 1484 Juliae,
436 1437 556 1477 crearetur.
587 1429 664 1477 Arcu
673 1431 743 1478 auditi

81 1496 164 1542 Romae
183 1503 207 1542 et
225 1497 283 1558 apud
302 1496 372 1558 ripam
389 1495 471 1550 Rheni,
492 1496 553 1541 etin
572 1502 650 1542 monte
670 1495 744 1556 syrie

82 1562 179 1615 Amano,
200 1575 252 1607 cum
268 1561 413 1623 inscriptione
424 1575 498 1606 rerum
509 1566 632 1622 gestarum,
644 1574 671 1606 se
681 1575 743 1608 mor·

81 1634 126 1673 tem
138 1626 167 1672 ob
178 1625 285 1687 rempubl.
301 1627 395 1673 obiisse:
415 1625 542 1688 sepulcrum
554 1625 690 1681 Antiochiae,
707 1625 744 1672 ubi

80 1698 207 1737 crematus:
226 1691 324 1737 tribunal
341 1690 488 1754 Epidaphnae,
509 1705 553 1751 quo
570 1691 594 1736 in
611 1691 663 1737 loco
674 1690 745 1737 ritem

81 1755 176 1802 linierat.
208 1754 345 1811 statuarum,
362 1756 493 1803 locorumve
508 1757 532 1801 iu
549 1755 600 1816 quis
611 1756 745 1812 colerentur,

81 1821 141 1867 haud
159 1818 224 1866 facile
234 1821 284 1881 quis
296 1836 413 1868 numerum
428 1820 510 1867 inierit.
544 1818 604 1868 Cum
616 1827 748 1870 censeretur

82 1887 176 1947 clypeus
192 1900 246 1932 euro
257 1892 281 1932 et
291 1887 447 1948 magnitudine
463 1885 558 1948 insignis
573 1886 633 1932 inter
643 1892 747 1934 suctores

82 1951 224 2012 eloquentiae,
243 1952 380 1998 asseveravit
396 1950 506 2005 liberius,
524 1951 616 1997 solitum
626 1965 749 2013 paremque

84 2016 173 2063 caeteris
183 2017 321 2063 dicaturum:
341 2016 484 2078 nequeenim
495 2015 645 2076 eloquentiam
656 2015 749 2064 fortuni

84 2081 192 2128 discerni:
213 2089 237 2128 et
247 2081 301 2128 satis
310 2081 403 2136 illustre,
420 2082 438 2127 si
455 2087 545 2127 veteres
558 2081 618 2126 inter
628 2081 749 2143 scriptores

83 2147 208 2194 haberetur.
235 2146 349 2208 Equester
359 2148 414 2192 ordo
425 2160 521 2191 cuneum
530 2145 661 2192 Germanici
672 2147 749 2208 nppel·

85 2212 147 2265 levit,
159 2213 196 2272 qui
208 2211 328 2260 Juniorum
340 2211 468 2266 dicebatnr3
485 2211 633 2270 instituitque,
652 2210 685 2256 uti
701 2219 749 2257 tur·

85 2293 130 2324 rnae
142 2275 219 2323 Idibus
238 2276 305 2324 Juliis
316 2276 438 2336 imaginem
450 2276 499 2337 ejus
510 2283 664 2335 sequerentur.
698 2275 753 2323 Ple·

85 2357 154 2402 mqne
164 2349 270 2387 manent:
291 2341 393 2400 quaedum
405 2340 480 2386 statim
492 2342 575 2386 omissa
586 2348 646 2395 sunt,
660 2347 700 2388 eut
709 2357 751 2389 ve·

85 2414 157 2453 tuntas
168 2405 300 2451 obliteravit.

119 2469 265 2516 LXXXIV.
277 2468 400 2524 Caeterum,
409 2471 493 2517 recenti
504 2471 576 2516 adhuc
587 2469 703 2526 moestitii,
716 2487 752 2518 so·

85 2552 124 2583 ror
137 2535 274 2589 Germanici,
283 2534 356 2590 Livio,
365 2544 433 2599 nupta
442 2535 527 2590 Druso,
537 2536 593 2582 duos
602 2535 674 2582 virilis
685 2538 754 2584 sexis

73 2601 147 2649 simul
156 2602 225 2650 enixe
237 2611 288 2653 este
308 2603 378 2667 quod,
398 2618 476 2651 rarum
492 2601 621 2660 laetumque
630 2601 702 2645 etium
708 2616 761 2645 mo·

14 2694 38 2728 rr.
62 2666 124 2717 Μ’
139 2672 280 2736 penatibus,
304 2680 377 2722 tanto
397 2671 487 2739 guud'm
503 2666 637 2731 principem
649 2660 736 2733 ruerit,
749 2669 780 2706 ut
