1680 2910
65 130 115 177 sn
148 118 344 174 sumamma
360 117 471 170 taxa
482 117 593 194 caso.
621 123 741 166 nam

67 268 168 322 gressus,
179 253 264 317 magni
274 269 327 301 cum
340 250 401 308 curi,
415 258 438 299 et
449 267 505 299 mox
515 250 598 314 glorib,
610 252 647 299 cni
657 251 741 316 princi·

69 325 132 388 pium
143 322 182 369 ills
192 321 272 367 militia
280 318 330 373 luit,
349 319 453 381 triremes
464 318 529 365 alveo
545 317 630 374 Rheni,
647 325 743 365 caeteras

70 389 170 442 navium,
188 390 214 432 nt
227 400 324 446 quaeque
335 384 426 438 habiles,
446 398 487 445 per
507 384 614 430 aestuaria
628 392 652 430 et
668 383 743 431 fossas

70 454 162 516 adegit:
181 450 330 510 lintribusque
341 449 440 497 hostiurn
455 448 576 514 depressis,
588 456 612 496 et
623 449 744 496 exturbato

72 520 203 570 Gannasco,
215 516 252 562 ubi
259 515 380 578 prasentia
390 514 445 560 satis
456 515 582 576 composita
592 523 652 569 sunt,
669 514 744 576 legio-

72 599 121 639 nes,
129 596 224 644 operum
236 588 259 627 et
266 580 348 627 laboris
359 580 457 641 ignaras,
468 580 651 641 populationibus
662 580 744 626 laetan·

72 656 115 703 tes,
126 653 228 694 veterem
239 646 268 692 ad
279 659 365 691 morem
378 645 481 701 reduxit3
500 660 529 691 ne
540 646 592 705 quis
600 644 693 707 agmine
703 645 745 691 de·

74 713 171 768 cederet,
183 726 226 758 nec
241 724 348 773 pugnam,
369 710 506 772 nisiJussns,
524 710 607 757 iniret:
628 710 746 767 stationes,

73 778 168 842 vigiliae,
186 777 266 824 diurna
284 783 439 836 nocturnaque
455 775 539 832 munia,
556 777 579 823 in
590 777 661 822 minis
672 777 747 838 agita·

74 846 165 892 bantur.
206 841 337 902 Feruntque
353 841 456 897 militem,
477 841 529 901 quin
541 841 626 888 vallum
643 856 691 887 non
708 854 748 888 aa·

76 911 172 964 cinctus,
184 915 251 969 atque
263 908 337 960 assum,
357 906 411 967 quia
420 906 521 968 pugione
532 914 621 954 tantum
633 907 750 954 accinctus

76 975 171 1029 foderet,
190 979 264 1019 morte
280 971 385 1033 punitos;
402 986 454 1032 quae
465 971 542 1026 nimis,
560 980 584 1018 et
596 973 708 1019 incertum
719 986 751 1019 an

76 1041 135 1088 falso
141 1040 211 1102 jacta,
220 1039 331 1100 originem
338 1044 414 1083 tamen
423 1037 563 1083 eseveritate
572 1037 636 1083 ducis
645 1035 749 1084 traxere:

77 1107 236 1163 intentumque
255 1112 278 1150 et
295 1103 384 1163 magnis
402 1102 490 1148 delictis
508 1102 671 1149 inexorabilem
684 1103 752 1160 scias,

79 1172 116 1219 cui
133 1176 221 1216 tantum
238 1168 365 1230 asperitatis
381 1166 449 1214 etiam
468 1167 576 1215 adversus
592 1167 653 1214 leuia
673 1168 753 1215 crede·

79 1237 152 1284 batur.
720 1256 723 1261 ¹

113 1299 188 1348 XIX.
207 1296 323 1348 Caeterum
335 1299 354 1346 is
367 1305 439 1346 terror
449 1299 533 1347 milites
544 1299 668 1362 hostesque
682 1300 706 1347 in
718 1299 755 1346 di·

80 1382 173 1414 versum
191 1364 280 1412 affecit:
301 1380 343 1412 nos
362 1366 468 1412 virtutem
480 1366 600 1412 auximus:
620 1366 709 1413 barbari
720 1365 756 1412 ie·

81 1433 166 1480 rociam
178 1427 298 1490 infregere.
332 1429 365 1476 Et
381 1432 442 1477 natio
463 1430 595 1484 Frisiorum,
612 1440 665 1492 post
681 1431 756 1478 rebel·

80 1499 166 1545 lionem
177 1495 241 1541 clade
260 1494 288 1541 L.
299 1495 394 1557 Apronii
414 1505 519 1558 creptam,
538 1495 627 1542 insensa
644 1506 685 1543 aut
696 1496 757 1542 male

81 1561 133 1617 fida,
145 1561 203 1608 datis
212 1560 325 1607 obsidibus
334 1562 436 1608 consedit
447 1562 505 1623 apud
517 1577 585 1622 agros
596 1578 610 1608 a
623 1559 757 1619 Corbulone

83 1627 215 1689 descriptos.
250 1623 314 1672 [dem
330 1634 441 1685 senatum,
460 1628 615 1689 magistratus,
635 1628 700 1689 leges
712 1629 758 1672 im-

81 1694 173 1755 posuit:
194 1707 229 1748 ao,
249 1707 278 1737 nc
290 1692 356 1753 jussa
373 1700 488 1747 exuerent,
505 1693 636 1755 praesidinm
647 1693 758 1738 immuni·

83 1760 133 1814 vit3
156 1756 239 1812 missis,
262 1757 300 1817 qui
322 1758 418 1820 majores
442 1757 548 1806 Chaiicos
567 1758 595 1804 ad
618 1758 759 1805 deditionem

83 1822 222 1886 pellicerent,
240 1822 307 1868 simul
328 1823 476 1870 Gannascum
496 1824 548 1870 dolo
559 1825 756 1885 aggrederentur:

85 1904 128 1936 nec
151 1888 221 1934 irritae
244 1895 284 1935 ant
303 1887 426 1949 degeneres
449 1889 538 1935 insidiae
560 1888 624 1935 luere
648 1890 760 1936 adversus

85 1952 228 2015 transfugam
238 1960 261 1999 et
271 1952 403 2000 violatorem
412 1954 471 2001 fidei.
495 1954 541 2001 Sed
552 1955 615 2000 caede
627 1956 676 2016 ejus
688 1961 761 2002 motae

87 2017 233 2067 Chaiicorum
252 2026 347 2073 mentes,
367 2025 390 2065 et
408 2017 508 2070 Corbulo
527 2019 614 2066 semina
630 2021 761 2081 rebellionis

86 2085 214 2148 praebebat;
232 2092 258 2128 ut
268 2082 322 2130 laeti
332 2084 391 2145 apud
402 2085 526 2145 plerosque,
535 2085 567 2131 ita
578 2086 637 2146 apud
648 2085 761 2146 quosdam

88 2147 180 2197 sinistri
202 2147 279 2194 samir
308 2146 356 2196 Cur
377 2151 465 2196 hostem
485 2150 604 2199 conciret?
622 2151 720 2196 adversa
731 2151 761 2197 in

87 2214 246 2277 rempublicam
258 2229 349 2260 casura:
370 2215 405 2261 sin
416 2230 522 2278 prospere
538 2216 628 2276 egisset,
648 2215 761 2262 fonnido·
781 2222 787 2243 ¹

87 2280 163 2326 losum
174 2281 223 2341 paci
235 2280 308 2326 virum
325 2280 446 2341 insignem,
462 2288 485 2327 et
497 2281 580 2342 ignavo
592 2281 688 2343 principi
700 2296 762 2343 prae·

88 2359 190 2408 gravem.
219 2342 294 2404 Igitur
306 2343 415 2393 Claudius
426 2347 482 2393 adeo
494 2362 576 2393 novam
589 2348 611 2392 in
622 2347 763 2394 Germanias

87 2411 135 2457 vim
147 2410 267 2472 prohibuit,
287 2416 312 2456 ut
330 2410 407 2458 referri
424 2412 528 2474 praesidia
547 2413 580 2458 cis
597 2410 708 2458 Rhenum
720 2414 762 2475 ju·

88 2476 159 2523 beret.

122 2539 182 2589 XX.
199 2537 255 2590 Jam
272 2552 347 2588 castra
363 2542 389 2588 in
404 2541 485 2587 bostili
494 2541 544 2588 solo
554 2542 657 2586 molienti
670 2540 764 2589 Corbu-

80 2610 131 2658 loni
143 2611 183 2659 hae
193 2609 271 2658 literae
282 2608 423 2657 redduntur.
441 2605 502 2661 ilie,
510 2621 537 2651 re
547 2602 630 2653 subita,
638 2617 780 2659 quarumnam

74 2679 156 2732 multa
179 2678 258 2733 simui
279 2675 475 2731 effunderentur,
497 2677 578 2717 metas
597 2679 629 2709 ea
643 2665 798 2718 'impexam
