1680 2910
109 137 160 185 sos
204 106 501 183 succendendum
517 126 632 179 anxa
665 130 782 174 oceo.

143 263 261 330 [Pudebat
271 278 362 325 quoque
372 262 486 326 principis,
498 261 574 324 inepte
582 261 661 318 seduli,
672 262 713 324 qui
724 277 782 310 rem·

110 332 223 397 publicam
239 330 328 392 legibus
343 327 458 391 fatigabat,
476 327 530 374 dum
540 327 611 389 ipsius
619 328 703 375 domus
714 330 783 392 majo·

111 399 172 445 ribus
183 396 397 458 vitiis-urgebatur3
416 390 538 455 praevalidd
554 393 579 439 iu
594 392 644 440 dies
653 393 785 442 libertorum

113 459 251 524 arrogandi.
266 459 410 514 Patientiam,
422 464 485 505 metu
493 458 574 520 magis,
583 473 652 519 quam
661 461 786 509 reverendi

113 529 153 576 (liu
171 527 302 579 exercitam,
317 524 372 572 vicit
388 524 420 570 rei
437 523 569 586 indignitas.
601 522 674 571 Forte
692 539 745 572 cum
763 526 786 573 in

112 594 201 641 theatro
210 590 363 654 pantomimus
373 589 494 638 illudvstis
502 589 594 644 dictum,
612 588 685 637 “Res
697 605 744 639 non
755 591 787 638 fe·

111 658 183 706 rends
193 658 272 719 opibus
282 661 364 719 potens
380 652 510 717 mastigia,”
529 654 667 717 protulisset,
686 657 788 704 omnium

114 739 155 773 ora
165 723 242 771 statim
252 723 276 769 in
288 721 411 782 Polybium
419 735 535 775 conversa,
547 720 587 781 qui
602 721 690 784 majore
698 720 789 770 sudscid

114 788 216 854 ejsudem
220 787 296 851 podtae
302 801 393 834 versum
402 784 538 832 vociferatus
544 791 586 840 est,
596 783 693 849 “Reges
700 801 790 849 quoque

115 855 230 903 exstitisse
241 853 270 900 de
281 850 409 914 caprariis.”
428 850 547 898 Adversus
554 851 623 898 talem
635 852 736 900 bominis
746 854 790 900 im·

116 920 247 985 pudentiana
263 919 371 965 immotus
382 916 425 964 luit
436 917 547 979 princeps.
581 916 628 964 Sed
637 925 696 964 vote
706 919 789 967 civium

117 985 218 1034 absolvit
236 983 375 1031 Messalina:
401 997 448 1029 non
467 990 544 1028 tamen
563 981 619 1029 recti
639 983 732 1041 studio;
752 984 791 1031 sed

118 1065 208 1114 semper
217 1047 286 1096 infidia
297 1049 407 1096 scelerum
419 1048 527 1094 societate
537 1062 639 1103 accensa,
658 1046 792 1110 Polybium,

118 1117 166 1166 suis
176 1115 290 1162 adulteriis
301 1113 421 1176 illigatum,
439 1112 547 1174 corripuit
557 1120 581 1159 et
592 1109 723 1161 interfecit:
741 1115 790 1162 lau·

118 1182 217 1230 dandum
228 1180 319 1241 quidem
334 1179 363 1224 ob
373 1179 490 1225 literarum
502 1178 575 1225 studia
585 1185 609 1224 et
620 1178 709 1241 ingenii
720 1179 790 1227 facili·

118 1255 196 1301 tatem,
213 1247 236 1292 ni
254 1246 366 1307 ingenuas
383 1250 443 1291 artes
457 1242 566 1305 probrosi
575 1242 669 1291 fortune
681 1246 793 1295 dehones-

119 1311 197 1361 tdsset.

151 1375 259 1441 [Verum,
271 1391 300 1422 ne
311 1374 424 1423 continuis
436 1372 570 1421 Messalinae
584 1372 726 1424 foeditatibus
737 1392 792 1424 svo

53 1446 56 1453 '
119 1452 183 1491 cetur
194 1440 318 1503 legentium
330 1440 425 1495 animus,
434 1440 521 1486 latiora
532 1441 561 1486 de
571 1439 691 1488 Britannis
700 1443 795 1490 narrau-

121 1511 182 1556 dum.
216 1507 291 1554 Aulus
307 1505 417 1560 Plautius,
436 1521 504 1566 quem
515 1509 728 1566 supramemoravi,
746 1524 793 1555 rem

119 1574 249 1623 &manum
261 1572 335 1626 lentis,
346 1571 387 1616 sed
398 1571 472 1626 certis,
483 1579 629 1633 promoverat
638 1573 794 1621 incrernentis.

114 1639 214 1688 Barbari
232 1637 316 1683 frustra
333 1637 431 1698 impetus
447 1635 528 1692 fecere,
545 1639 674 1700 peregrine
691 1640 795 1687 domins·

118 1706 189 1753 tionis
201 1703 259 1758 odio,
265 1710 288 1750 et
298 1703 400 1749 locorum
411 1701 492 1764 peritii
501 1704 530 1749 sd
537 1703 641 1750 fiduciam
649 1704 719 1752 elati:
735 1721 800 1752 sem·

120 1785 160 1834 per
179 1769 262 1815 restitit
279 1769 342 1814 ducis
360 1768 509 1829 providentia,
527 1778 550 1814 et
568 1767 712 1831 Vespasiani·
723 1773 801 1819 virtut

120 1836 230 1884 interrita.
263 1832 374 1880 Periculis
396 1849 486 1895 quoque
504 1834 608 1880 lacessita
626 1835 728 1883 innotuit
747 1835 796 1884 Tui

119 1902 198 1965 pictas,
211 1915 237 1946 sc
247 1898 363 1946 fortitudo.
381 1897 451 1946 Patre
461 1898 603 1946 circumfusis
614 1901 718 1948 hostibus
730 1918 796 1964 erep-

121 1977 153 2022 to,
161 1981 207 2015 non
218 1965 287 2011 modo
299 1964 380 2010 servati
393 1966 449 2012 civis
460 1966 529 2012 decus
539 1965 643 2020 obtinuit,
651 1967 693 2012 sed
703 1966 801 2030 fugatos

119 2032 226 2080 barbaros
236 2027 321 2092 magni
331 2031 394 2076 clade
405 2029 486 2076 affecit
507 2030 618 2076 Adversis
635 2033 726 2078 casibus
737 2033 801 2080 irac-

120 2099 146 2151 ti,
163 2096 219 2142 nihil
227 2098 275 2159 jam
287 2095 412 2151 audebaut;
430 2104 454 2141 et
466 2095 570 2143 Plautius
580 2097 642 2157 pacis
652 2098 741 2145 artibus
757 2100 798 2145 do·

57 2204 62 2211 ,
122 2162 270 2210 minationem
289 2160 347 2207 ultra
365 2162 468 2207 intendit.
502 2159 562 2208 Cum
580 2162 639 2208 bellu
654 2163 686 2209 its
704 2171 804 2221 starent,

122 2228 206 2274 missus
224 2235 259 2274 est
276 2235 401 2288 propraetor
417 2226 523 2273 Ostorius
538 2227 640 2288 Scapula,
652 2229 692 2288 qui
704 2229 802 2277 feliciter

122 2300 200 2354 coepta
210 2292 360 2338 continuaret
387 2292 477 2340 Plautio
489 2293 579 2338 decreta
589 2294 666 2339 ovatio
673 2311 681 2351 3
697 2293 798 2341 Urbem·

123 2374 169 2418 que
187 2359 291 2419 ingresso
309 2358 396 2404 obviam
414 2374 548 2420 progressus
563 2366 598 2404 est
608 2360 723 2420 princeps,
741 2370 765 2407 et
777 2362 800 2407 in

121 2423 264 2485 Capitolium
287 2425 356 2475 eunti,
381 2424 478 2484 indeque
500 2424 622 2469 revertenti
642 2424 703 2471 latus
724 2427 798 2472 texite

121 2490 182 2534 sorte
200 2489 258 2534 ultra
276 2490 442 2549 imperatoriam
460 2490 607 2551 majestatem,
625 2497 648 2535 ut
666 2506 714 2537 non
736 2507 803 2555 supra

121 2553 208 2604 Plautii
221 2555 304 2602 merita
315 2554 396 2601 ciuilis.

156 2623 236 2690 [Haee
248 2625 311 2671 inter
323 2621 449 2675 recruduit,
464 2617 606 2664 retusum
617 2619 714 2669 madum,
725 2625 810 2679 maipa·

113 2697 175 2745 tatis
194 2695 301 2754 crimen,
320 2690 408 2742 tuendi
426 2685 540 2752 mitelli*
555 2681 641 2742 specta,
656 2679 701 2724 ὠ
712 2682 835 2739 ΨΜ
