1680 2910
68 154 103 198 ot)
149 142 343 195 ANNALIUM
359 140 456 192 nult
468 141 579 194 Crass.
615 146 732 200 modun.

70 292 176 340 prensare
187 291 302 323 servorum
313 276 411 330 dextras,
422 274 520 323 inserere
530 273 630 339 gladium
639 290 647 325 s
666 285 735 340 atqua

70 344 121 396 illis,
132 343 185 389 dum
197 342 314 402 trepidant,
329 342 382 386 dum
396 339 517 403 refugiunt,
529 342 681 389 evertentibus
691 358 733 405 ap-

70 409 167 470 positum
186 405 266 453 mensd
281 407 364 458 lrunen.
380 405 486 452 feralibus
499 406 548 468 jam
568 405 609 451 sibi
627 408 732 462 tenebris,

70 472 126 518 duos
137 473 195 518 ictus
205 472 229 517 in
240 471 326 517 viscera
335 471 423 516 direxit.
454 469 493 516 Ad
503 470 612 533 gemitum
620 470 732 519 collaben-

71 537 102 582 tis
116 533 232 582 sccnmsire
249 535 334 581 liberti:
353 541 383 591 et,
403 533 465 581 caede
483 533 539 589 visi,
557 533 622 581 miles
641 536 733 584 abstitit.

71 600 194 648 Accusatio
200 614 274 646 tamen
283 599 340 660 apud
344 607 419 660 patres
424 600 588 646 asseveratione
596 597 675 646 eidem
680 616 732 663 per-

71 673 127 720 acta,
143 665 272 727 Juraritque
282 663 392 718 'liberius
403 664 525 725 petiturum
536 679 561 726 se
571 663 641 711 sitam
652 680 731 726 quam-

73 731 108 777 vis
119 730 215 784 nocenti,
228 729 270 775 nisi
281 729 428 776 voluntariam
439 736 534 775 mortem
545 730 717 790 properavisset.

104 792 217 841 XXXII.
234 793 300 841 Bona
313 794 372 840 inter
387 799 528 840 accusatores
545 793 689 840 dividuntur:
709 801 733 842 et

72 870 178 921 praeturae
188 858 360 905 extraordinem
372 859 430 904 datae
438 859 479 912 his,
488 859 526 919 qui
533 859 637 905 senatorii
648 859 733 907 ordinis

71 932 141 971 erant
174 922 241 969 Tunc
256 920 326 970 Cotta
341 922 484 979 Messalinus,
501 937 531 969 ne
544 923 620 984 imago
637 920 733 972 Libonis

71 989 188 1049 exsequias
212 994 352 1050 posterorum
379 988 528 1041 comitaretur,
555 987 655 1034 censuit:
687 987 732 1037 ca

71 1052 236 1107 Lentulusne
254 1053 303 1113 quis
321 1052 450 1099 Scribonius
465 1059 641 1114 cognomentum
659 1051 732 1103 Drusi

71 1125 209 1166 assumeret:
237 1118 422 1179 supplicationum
445 1116 493 1164 dies
515 1115 635 1178 Pomponii
657 1116 733 1165 Flacci

72 1182 321 1230 sententibconstimti:
341 1182 400 1228 dona
414 1181 474 1235 Jovi,
493 1180 571 1234 Marti,
589 1179 732 1237 Concordiae,

70 1256 141 1310 utque
150 1249 227 1294 iduum
239 1247 402 1308 Septembrium
413 1247 467 1299 dies,
477 1260 524 1306 quo
534 1261 559 1292 se
571 1244 628 1292 Libo
639 1245 732 1294 interfe-

72 1320 140 1368 cerat,
155 1313 203 1359 dies
214 1310 284 1357 festus
296 1312 418 1364 haberetur,
431 1309 460 1357 L.
467 1309 494 1356 P.
505 1318 528 1361 et
539 1310 620 1358 Gallus
631 1311 732 1367 Asinius,

72 1385 96 1424 et
107 1377 191 1439 Papius
201 1374 306 1430 Mutilus,
322 1381 346 1421 et
362 1374 390 1421 L.
398 1374 513 1437 Apronius
523 1371 657 1423 decrevdre:
676 1392 734 1436 quo·

72 1456 123 1489 rum
142 1440 285 1488 auctoritates
298 1439 480 1501 adulationesque
499 1440 570 1493 retuli,
587 1447 612 1486 ut
631 1440 733 1497 sciretur,

72 1513 138 1555 vetus
152 1507 175 1552 id
186 1506 209 1550 in
220 1505 304 1566 republ.
314 1504 405 1551 malum.
439 1503 508 1551 Facta
518 1514 542 1551 et
552 1505 580 1551 de
590 1506 733 1553 matbeauati·

73 1573 106 1618 cis
116 1571 234 1632 magisque
244 1567 311 1616 ltalii
324 1569 432 1631 pellendis
441 1569 656 1617 scaettis-consulta:
675 1586 731 1632 quo-

73 1652 123 1684 rum
135 1651 148 1681 e
159 1650 253 1681 numero
263 1633 292 1681 L.
302 1633 419 1681 Pituanius
430 1649 485 1680 saxo
495 1634 593 1695 dejectus
604 1642 649 1681 est:
668 1635 692 1681 in
704 1634 732 1682 P.

75 1701 189 1749 Marcium
208 1699 318 1754 consules,
334 1707 400 1746 extra
414 1706 499 1760 portam
516 1698 664 1758 Esquilinam,
681 1715 733 1747 cum

72 1765 191 1813 classicum
203 1779 282 1810 canere
287 1764 415 1825 Jussissent,
426 1779 489 1810 more
498 1763 571 1824 prisco
582 1762 704 1811 advertere.

106 1827 233 1875 xxx111,
251 1827 358 1875 Proximo
375 1828 465 1875 senatils
481 1828 517 1874 die
530 1827 601 1874 multa
615 1828 637 1874 iu
653 1829 733 1876 luxum

73 1894 171 1942 civitatis
181 1893 260 1940 dictu
268 1893 299 1948 Q.
306 1892 408 1946 Haterio,
420 1892 538 1946 consulari,
550 1892 646 1940 Octavio
658 1892 732 1941 Fron·

72 1969 134 2014 tone,
145 1955 243 2020 praeturi
252 1957 343 2005 functo:
362 1959 519 2020 decretumque
529 1972 558 2004 ne
566 1972 620 2005 vasa
629 1973 685 2006 auro
696 1974 734 2006 so-

72 2026 119 2072 lida
129 2022 281 2070 ministrandis
290 2023 345 2070 cibis
355 2021 444 2069 fierent:
464 2037 494 2070 ne
508 2023 577 2070 vestis
590 2024 662 2070 serica
672 2025 734 2071 viros

72 2089 175 2136 foedaret.
206 2087 313 2134 Excessit
324 2086 417 2140 Fronto,
428 2102 454 2136 sc
464 2087 585 2149 postulavit
595 2087 687 2134 modum
698 2103 735 2136 ar·

74 2163 151 2217 gauto,
164 2152 302 2214 supellectili,
316 2151 415 2199 familiae.
447 2151 505 2199 Erat
515 2152 596 2214 quippe
607 2152 679 2200 adbuc
689 2152 735 2201 sre-

74 2233 146 2281 quens
162 2218 308 2271 senatoribus,
326 2217 344 2262 si
358 2217 411 2277 quid
427 2216 538 2279 erepubl.
548 2216 670 2272 crederent,
685 2217 737 2265 loco

75 2283 194 2330 sententiae
210 2296 318 2343 promere.
351 2279 438 2329 Contra
455 2282 537 2329 Gallus
552 2281 647 2328 Asinius
664 2282 735 2329 disse·

75 2349 132 2395 ruit:
154 2347 231 2393 Auctu
245 2345 331 2407 imperii
344 2345 468 2392 adolevisse
481 2346 548 2392 etiam
561 2346 659 2408 privatas
669 2362 724 2409 opes
728 2363 737 2405 ς

75 2414 143 2474 idque
153 2425 199 2457 nou
208 2425 298 2465 novum,
310 2410 349 2457 sed
357 2425 370 2457 e
377 2411 534 2457 vetustissimis
541 2411 651 2457 moribus:
670 2411 737 2461 aliam

76 2477 136 2539 apud
147 2475 268 2529 Fabricios,
284 2475 350 2522 aliam
361 2476 420 2537 apud
435 2475 552 2538 Scipiones
563 2477 681 2538 pecuniam
688 2493 697 2534 ς
714 2484 738 2523 et

74 2549 157 2589 cuncta
167 2542 196 2588 ad
210 2540 319 2604 rempubl.
329 2539 423 2598 referri3
439 2539 484 2603 quir
496 2540 566 2595 tenui,
582 2548 689 2603 angustas
705 2542 738 2587 ci·

64 2607 127 2652 mum
145 2606 230 2656 domos
232 2624 245 2669 ,·
265 2615 393 2674 postquam
414 2623 442 2658 eo
459 2603 639 2671 magutbstut‘tae
654 2605 752 2658 sonarit,
