1680 2910
96 75 145 123 err
282 50 577 119 surrasuanauiu
652 71 769 122 1111111

97 202 179 252 obtulit
190 201 348 263 spectaculum,
366 200 457 248 raritate
467 207 490 249 et
501 200 632 248 celebritate
640 215 770 248 menoran-

98 270 159 316 dum.
194 266 261 320 Orca,
277 267 352 313 carnis
368 267 492 320 immensae,
510 267 620 314 dentibu!
632 266 770 322 truculenta,

98 339 189 396 portum
200 332 274 378 subiit.
301 330 347 377 Per
358 332 485 393 complures
496 331 543 377 dies
554 332 637 377 satiata
647 330 771 392 nauitagiir

100 408 217 459 tergorum
228 412 241 442 e
251 394 328 442 Gallib
338 397 492 453 advectorum,
503 396 562 442 vado
573 402 620 442 turn
633 395 770 459 profundum

100 462 208 515 incubuit,
220 468 246 507 ut
256 461 379 522 circumagi
390 459 531 522 nequiquam
542 469 628 522 posset
657 459 725 507 Dum
736 475 770 507 ra-

100 529 178 590 ginam
188 527 336 587 persequitur,
354 525 458 572 fluetibus
468 528 492 572 in
504 526 557 572 litua
571 526 686 588 propulsa,
705 526 771 573 dorso

101 607 168 654 supra
179 605 248 652 aquas
258 593 356 638 inversae
367 592 450 637 carinae
465 591 536 637 instar
551 591 654 639 eminuit.
688 590 770 638 Admi-

102 657 189 711 rationi,
201 656 253 702 dein
264 655 324 710 ludo,
343 657 414 716 patuit
425 656 504 717 bellua.
537 656 653 703 Adstante
663 657 770 718 principe,

101 722 260 770 comitantibus
276 721 405 767 cohortibus
422 721 539 783 praetoriis,
558 728 676 782 spectante
687 721 770 782 populo

102 788 218 843 Romano,
238 802 290 834 eum
306 794 409 832 monstro
427 802 441 833 n
456 788 527 833 multo
545 787 616 833 milite
633 786 770 833 dimicatum.

102 852 233 900 Numerosa
248 852 377 898 lancearum
392 852 427 898 vis
442 858 551 914 congesta
565 851 688 912 enavigiis
700 851 769 899 assul-

102 918 209 973 tantibus,
221 931 316 976 quorum
328 932 407 974 unum,
419 916 499 964 reflatu
510 916 590 963 belluae
602 917 721 978 oppletum
729 931 770 963 un·

103 981 138 1038 dd,
151 982 223 1043 pel'lll·

138 1047 202 1109 [Alia
212 1047 316 1093 ludorum
326 1061 416 1108 genera,
435 1047 518 1094 Rornae
535 1046 616 1101 habita,
634 1061 681 1094 non
692 1046 771 1102 ferino,

104 1113 144 1160 sed
158 1114 257 1158 humano
271 1110 355 1186 furore,
371 1113 522 1173 principisque
538 1112 648 1159 dedecore
662 1112 733 1171 foeda,
746 1113 770 1160 in
788 1120 792 1127 “

105 1177 176 1224 Urbis
191 1177 275 1223 luctum
291 1176 336 1222 cito
351 1191 451 1238 erupere.
482 1177 544 1223 Nam
556 1179 686 1232 certamina,
699 1184 772 1226 stante

104 1241 227 1321 republica,
242 1241 269 1288 ad
285 1241 385 1287 duranda
402 1257 496 1303 corpora
511 1249 534 1289 et
550 1243 671 1304 erigendos
684 1245 771 1290 animoa

104 1302 227 1360 instituta,
232 1307 325 1368 vigente
342 1307 501 1364 dominatione,
516 1305 638 1354 efferavere
653 1309 771 1370 principes,

105 1375 143 1434 qui
155 1388 185 1418 ex
196 1371 300 1417 funerum
312 1373 454 1419 assuetudine
465 1373 492 1418 ad
504 1374 587 1418 atrocia
598 1373 660 1419 libita
676 1374 771 1419 insoles·

106 1440 192 1485 cebant.
226 1435 254 1482 In
271 1438 305 1483 his
322 1437 459 1498 gladiatoriis
475 1439 610 1491 muneribus,
629 1438 720 1484 insitam
732 1453 771 1484 na·

106 1502 157 1550 turri
172 1510 194 1549 et
209 1502 280 1548 literis
295 1503 456 1548 humanitatem
470 1501 578 1549 Claudius
589 1503 652 1548 exuit
664 1510 729 1549 tanto
739 1502 772 1548 fa·

105 1569 177 1620 cilius,
190 1568 250 1627 quod
261 1583 286 1613 se
296 1568 392 1628 primum
402 1568 487 1613 servilis
496 1568 594 1613 audaciae
602 1568 715 1615 vindicem
724 1583 774 1615 esse

106 1633 249 1694 gloriabatur,
262 1640 285 1678 et
296 1649 323 1678 eo
335 1649 392 1693 sang
394 1633 446 1678 uine
457 1632 568 1709 gaudebat
582 1632 685 1694 populns.
721 1633 773 1680 Ser·

106 1713 148 1744 vos
159 1713 215 1758 ergo
226 1698 370 1757 libertosque,
388 1698 467 1744 falsis
462 1713 484 1743 m
496 1698 600 1744 dominos
611 1698 774 1747 criminationi·

105 1764 154 1815 bus,
172 1760 264 1808 Tiberio
282 1761 382 1823 Gaioque
400 1764 582 1823 imperitantibus,
599 1763 705 1818 famosos,
721 1755 775 1810 feris

106 1827 194 1887 objecit.
214 1827 259 1872 Rei
269 1828 366 1888 quidem,
378 1843 456 1874 verum
469 1829 518 1874 aliis
528 1843 646 1889 poerrarum
654 1829 775 1890 generibus

106 1892 224 1949 multandi,
237 1891 337 1939 cecidere
345 1901 390 1939 tam
399 1893 471 1947 multi,
482 1901 508 1938 ut
519 1894 619 1954 Augusti
631 1901 736 1948 statuam,
748 1909 776 1940 ec

106 1958 151 2004 loci
169 1958 271 2019 positam,
288 1958 331 2003 alio
350 1956 463 2004 transferri
478 1959 578 2020 jusserit,
599 1959 681 2005 nevel
701 1958 776 2005 eaedea

108 2038 197 2084 semper
215 2023 325 2084 inspicere
341 2024 461 2078 videretur,
479 2024 516 2069 vel
535 2039 623 2085 semper
641 2024 717 2070 velata
739 2039 775 2071 es·

107 2095 155 2134 set:
181 2089 240 2134 haud
256 2089 401 2134 erubescente
416 2089 516 2149 principe
532 2104 558 2134 ea
573 2090 654 2150 jubere
671 2097 695 2135 et
710 2105 774 2152 spec·

108 2161 162 2206 tare,
171 2154 250 2212 quihus
262 2169 343 2200 aeream
356 2154 456 2215 Augusti
468 2154 589 2215 imaginem
604 2155 714 2201 interesse
724 2171 776 2201 eum

124 2218 207 2264 uderet.

106 2234 122 2280 p
141 2281 200 2345 [Tot
212 2283 309 2331 caedibus
321 2284 437 2329 obduruit:
453 2299 513 2345 saepe
524 2298 591 2330 ausus
600 2285 716 2346 imperare,
726 2286 776 2348 gla-

108 2349 211 2401 diatores,
230 2363 256 2393 ae
267 2350 365 2394 maxime
376 2349 476 2395 retiarios
489 2350 597 2410 jugulari,
618 2359 643 2395 ut
658 2352 775 2412 exspiran-

107 2415 164 2459 tium
175 2412 244 2458 facies
256 2415 347 2459 videret.
378 2414 438 2460 Mox
449 2430 462 2459 a
473 2414 605 2460 facinorosis
616 2416 777 2477 vilioribusque

109 2479 217 2541 capitibus
240 2479 268 2524 ad
290 2479 385 2525 meliora
405 2479 557 2538 nobiliumque
578 2480 687 2538 impetum
711 2483 778 2542 cepit

103 2544 237 2596 Messalina
255 2554 280 2595 et
296 2546 387 2594 libertis
403 2543 545 2590 crudelitatis
551 2543 737 2585 instructarum
734 2559 794 2595 ae,

48 2628 122 2806 ,σε
140 2615 200 2679 quid
220 2616 353 2672 haesitaret,
371 2619 440 2659 metu
451 2605 601 2653 imminentis
603 2597 709 2659 patienia
722 2573 756 2640 ah
766 2610 830 2642 111

132 2886 211 2900 ---
276 2885 280 2888 ·
