1680 2910
67 128 113 171 ’84
161 123 354 173 ANNALIUM
371 124 424 172 Lis.
435 122 470 171 11.
481 122 543 173 Car.
555 127 594 172 80.
628 125 747 175 Mtte.

81 270 158 303 curam
169 254 281 302 exercitds
293 253 370 301 cidens
380 253 432 309 fide,
441 253 485 317 qud
495 255 600 308 tenuerit,
608 254 747 316 repetivisse.

81 319 157 366 Simul
168 318 304 374 Domitium,
323 321 452 381 impositum
464 320 556 374 triremi,
573 321 645 367 vitare
655 319 747 366 litorum

67 400 152 439 „nram
164 392 289 446 praeterque
300 385 383 431 insulas
393 385 439 431 lato
450 385 506 430 mari
517 400 611 447 pergere
622 385 645 431 in
658 385 747 445 Syriam

78 450 159 512 jubet:
178 458 337 496 concurrentes
356 448 481 496 desertores
495 465 536 511 per
546 450 747 512 manipulos-com-

82 515 153 576 ponit,
164 522 236 561 armat
245 514 318 571 lixas3
335 514 478 576 trajectisque
485 514 509 559 in
518 516 671 561 continentem
683 514 747 560 navi·

82 580 124 626 bus
134 579 242 626 vexillum
261 579 359 625 tironum
376 579 400 625 iu
412 579 501 639 Syriam
514 579 617 626 euntium
628 578 749 639 intercipit.

52 659 57 669 ·
83 643 181 706 Regulis
200 642 302 697 Cilicum,
326 650 352 689 ut
370 659 397 690 se
416 642 505 690 auxiliis
522 645 635 707 juvarent,
656 643 747 699 scribit;

84 710 143 757 haud
154 709 237 770 ignavo
248 709 275 754 ad
283 708 406 754 ministeria
415 708 467 755 belli
474 709 561 770 juvene
568 707 658 762 Pisone,
667 723 747 768 quaru-

62 811 66 817 ,
84 789 150 834 quam
163 773 327 834 suscipiendum
337 773 419 819 bellum
431 773 551 820 abnuisset.

116 835 238 884 LXXIX.
250 834 323 898 igitur
334 853 396 883 oram
408 836 488 897 Lyciae
499 853 525 884 ac
537 836 677 899 Pamphyliae
688 851 746 898 prae·

84 902 192 962 legentes,
204 902 275 949 obviis
286 903 386 956 navibus,
404 918 456 962 quae
467 903 616 963 Agrippinam
628 903 745 959 vehebant,

85 967 197 1026 utrimque
208 965 296 1020 infensi,
315 981 377 1013 arma
387 968 460 1029 primo
471 964 605 1028 expediere:
625 967 684 1020 dein,
695 981 746 1012 mu·

84 1030 123 1076 tud
141 1030 265 1084 formidine,
286 1046 332 1077 non
352 1032 410 1078 ultra
426 1033 529 1093 jurgium
547 1046 677 1094 processum
693 1039 743 1077 est:

86 1094 222 1157 Marsusque
238 1094 318 1143 Vibius
330 1097 441 1144 nuntiavit
457 1096 543 1150 Pisoni,
561 1095 661 1142 Romam
672 1096 701 1141 ad
712 1095 746 1142 di·

85 1160 178 1206 cendum
190 1176 278 1207 causam
290 1162 384 1208 veniret.
417 1159 461 1207 Ille
471 1161 564 1208 eludens
575 1160 696 1223 respondit,
707 1160 746 1206 ad-

84 1223 192 1280 futurum,
205 1226 241 1271 ubi
253 1233 343 1287 praetor,
360 1226 438 1287 quide
450 1225 563 1273 veneficiis
573 1233 691 1286 quaereret,
709 1240 747 1272 reo

85 1297 151 1349 atque
163 1292 328 1337 accusatoribus
338 1291 398 1337 diem
408 1292 555 1352 praedixisset.
587 1289 682 1337 Interim
694 1288 746 1336 Do·

84 1354 161 1400 mitius
172 1353 314 1409 Laodiceam,
334 1355 410 1401 urbem
423 1356 501 1417 Syriae,
519 1356 631 1417 appulsus,
649 1370 701 1401 cum
713 1355 747 1400 hi·

83 1418 152 1464 berna
163 1427 234 1465 sextae
245 1420 341 1481 legionis
354 1428 447 1480 peteret,
465 1421 526 1482 quod
537 1436 585 1467 eam
596 1420 695 1466 maxime
706 1435 746 1465 no·

85 1483 119 1528 vis
131 1483 229 1530 consiliis
239 1484 341 1531 idoneam
354 1486 448 1539 rebutur,
465 1500 478 1531 a
490 1485 590 1532 Pacuvio
600 1485 676 1547 legato
687 1500 746 1546 prae·

84 1548 181 1594 venitur.
214 1546 243 1594 Id
255 1549 345 1596 Sentius
357 1549 435 1596 Pisoni
452 1566 491 1611 per
510 1550 586 1596 literas
605 1551 681 1611 aperit,
696 1565 746 1596 rno-

83 1621 173 1672 netque,
194 1628 223 1659 ne
233 1621 306 1660 castra
317 1615 488 1676 corruptoribus,
501 1630 530 1660 ne
540 1615 677 1676 provinciam
686 1614 747 1661 bello

85 1685 170 1722 tentet:
190 1694 291 1739 quosque
309 1679 438 1726 Germanici
457 1695 575 1734 memores,
595 1687 634 1726 aut
652 1679 748 1725 inimicis

85 1743 133 1803 ejus
144 1743 251 1790 adversos
268 1752 413 1804 cognoverat,
426 1745 552 1800 contrahit;
569 1742 747 1805 magnitudinem

85 1807 224 1866 imperatoris
235 1809 354 1854 identidem
366 1810 477 1870 ingerens,
497 1816 521 1855 et
538 1809 696 1869 rempublicam
712 1823 748 1854 ar·

86 1872 128 1917 mis
140 1873 200 1932 peti:
219 1873 323 1934 ducitque
339 1874 434 1920 rvatidam
452 1888 551 1929 manum,
571 1880 594 1919 et
611 1873 691 1936 proelio
707 1887 748 1934 pa·

84 1944 162 1982 ratam.

118 1999 225 2048 LXXX.
243 2001 294 2048 Nec
313 2002 373 2057 Piso,
392 2019 526 2063 quamquam
547 2010 621 2063 crepta
632 2017 697 2049 secus
709 2016 746 2047 cs-

55 2098 57 2102 ·
84 2065 172 2120 debant,
184 2068 260 2113 omisit
271 2068 404 2114 tutissimae
415 2068 568 2129 praescntibus,
578 2068 617 2114 sed
629 2066 745 2113 castellum

86 2127 173 2178 Ciliciae
184 2133 296 2178 munitum
316 2133 441 2186 admodum,
461 2133 496 2178 cui
514 2147 596 2178 nomen
609 2129 748 2185 Celenderis,

85 2203 187 2256 occupet.
220 2196 281 2243 Nam
293 2198 397 2243 admixtis
408 2197 563 2251 desertoribus,
582 2204 605 2242 et
620 2197 693 2242 tirone
705 2211 747 2241 nu·

84 2275 124 2321 per
135 2261 265 2322 intercepto,
287 2263 376 2322 suisque
387 2269 410 2307 et
421 2261 539 2308 Plancinae
551 2261 654 2314 servitiis,
665 2259 748 2306 surrilis

86 2323 190 2379 Cilic‘um,
202 2341 253 2386 quse
264 2327 337 2387 reguli
348 2327 460 2378 miserant,
478 2327 501 2382 in
518 2341 635 2372 numerum
651 2324 748 2386 legionis

83 2397 247 2450 composuerat.
280 2389 420 2451 Caesarisque
443 2406 467 2436 se
488 2391 595 2452 legatum,
619 2390 748 2443 testabatur,

82 2452 205 2515 provincii,
217 2469 283 2514 quam
295 2454 313 2500 is
324 2456 427 2510 dedisset,
443 2456 520 2510 arceri,
532 2470 578 2500 uon
590 2470 603 2500 a
613 2454 746 2514 legionibus,

83 2534 159 2565 carum
172 2520 256 2580 quippe,
264 2520 344 2569 accitu,
353 2522 437 2575 venire,
457 2521 496 2567 sed
507 2535 521 2566 a
532 2520 616 2573 Sentio,
635 2519 747 2579 privatum

74 2584 153 2630 odiam
175 2585 241 2633 taleis
263 2584 395 2634 criminibus
414 2592 516 2649 tegente.
552 2581 710 2631 Consisterent
724 2583 750 2626 in

61 2649 119 2706 ⁸⁰5³ae
131 2665 184 2701 1101]
192 2654 341 2720 pugnaturis
352 2653 474 2714 militibus,
486 2651 528 2699 ubl
534 2648 659 2711 Pisonem,
672 2644 767 2702 sibiipsis
