1680 2910
68 130 100 174 24
163 122 355 173 ANNALIUM
371 123 451 174 Lml
468 123 574 174 creta.
611 111 735 178 unaue.

69 255 189 303 comitatur
207 255 392 318 soliti-pergere
409 257 438 304 ad
454 255 573 310 Treveros,
590 262 614 303 et
629 265 735 307 exterum

69 320 128 367 lidei.
161 320 238 367 Pudor
253 319 305 367 inde
319 331 343 366 et
358 322 477 374 miseratio,
494 329 518 368 et
531 322 600 384 patria
612 323 733 384 Agrippae,

69 385 170 447 Augusti
187 386 229 439 ari,
247 387 366 432 memoria:
386 402 450 447 socer
462 385 567 443 Drusus;
584 387 633 449 ipsa
647 387 735 450 insigni

69 449 212 505 fecunditate,
223 449 330 513 praeclari
340 449 457 512 pudicitii:
473 452 521 513 jam
533 450 607 498 insane
618 452 643 498 in
653 453 735 500 castris

69 515 166 575 genitus,
182 516 206 561 in
217 515 362 562 contubernio
372 516 487 577 legionum
498 517 598 571 eductus,
609 531 676 576 quem
687 517 734 563 mi·

69 580 129 626 litari
140 580 248 626 vocabulo
266 577 393 641 Caligulam
410 581 554 642 appellabant,
570 581 622 641 quia
631 581 733 643 plerum-

69 659 113 706 que
121 645 150 692 ad
160 644 297 692 concilianda
303 645 367 706 vulgi
376 646 448 692 studia
458 661 486 692 eo
496 647 596 708 tegmine
605 646 687 707 padum
696 648 736 692 in-

71 709 185 756 duebatur.
219 709 264 756 sed
282 709 338 755 nihil
355 724 418 770 aeque
437 709 507 764 flexit,
523 725 590 771 quam
607 711 691 758 invidia
708 712 735 758 in

71 773 200 821 Treveros:
219 780 291 829 orant,
310 774 427 829 obsistunt,
447 776 534 830 rediret,
556 781 664 830 maneret,
680 790 734 838 pars

71 839 206 901 Agripplnae
217 846 366 894 occursantes,
382 839 471 901 plurimi
482 840 510 886 ad
522 841 683 887 Germanicum
695 855 733 886 re·

71 906 157 966 gressi:
176 904 247 965 isque,
258 911 283 950 ut
293 909 341 949 erat
351 918 429 951 recens
444 904 521 951 dolore
532 911 556 951 et
565 903 605 959 irt,
617 905 675 967 apud
686 904 732 952 eir·

71 967 187 1015 cumfusos
196 969 228 1016 ita
238 968 319 1030 eoepit:

105 1031 188 1080 XLII.
205 1032 282 1079 “Non
292 1033 346 1079 mihi
361 1048 419 1080 uxor
434 1041 473 1081 aut
486 1033 545 1081 lilius
555 1040 618 1096 patre
630 1040 653 1081 et
664 1049 732 1096 repu-

72 1097 233 1144 blicicariores
244 1105 310 1145 suut:
330 1099 369 1145 sed
384 1099 447 1146 illum
463 1099 553 1160 quidem
569 1114 609 1146 sua
619 1101 733 1162 majestss,

70 1162 652 1224 imperiumRomanumcaeteriexercitusdefendent.
669 1161 735 1211 Con·

67 1229 148 1290 J'ugem
161 1235 184 1274 et
194 1229 275 1275 liberos
284 1242 354 1282 meos,
370 1243 427 1288 quos
438 1244 478 1291 pro
494 1227 567 1289 gloriis
577 1226 652 1275 vestri
661 1228 734 1276 libens

72 1292 101 1340 ad
111 1294 205 1339 exitium
216 1291 325 1345 offerrem,
342 1308 402 1339 nunc
412 1293 490 1354 procul
507 1309 520 1339 a
531 1293 655 1339 furentibus
670 1306 734 1340 sum·

72 1372 161 1412 moveo,
173 1365 204 1413 ut,
215 1357 321 1417 quidquid
331 1358 388 1403 istuc
396 1358 485 1404 sceleris
495 1359 603 1411 imminet,
620 1373 671 1404 meo
682 1364 735 1405 tan·

73 1431 122 1468 tum
134 1422 337 1484 snuguinepietur3
348 1436 406 1468 neve
414 1423 501 1469 occisus
507 1423 607 1485 Augusti
614 1437 735 1484 pronepos,

38 1538 40 1543 ,
73 1486 191 1533 interiecta
202 1485 285 1533 liberii
296 1501 371 1541 nurus,
379 1488 520 1534 nocentiores
530 1503 572 1534 vos
579 1486 653 1534 faciat
671 1487 735 1542 Quid

74 1553 134 1598 enim
150 1567 191 1612 per
208 1552 250 1597 hos
267 1552 314 1597 dies
331 1552 433 1598 inausum
449 1553 635 1599 intemeratumve
651 1550 736 1598 vobis?
789 1581 791 1590 ι

76 1615 145 1670 Quod
153 1631 235 1662 nomen
246 1616 298 1661 huic
309 1617 377 1662 coetui
388 1616 461 1663 dabo?
485 1617 602 1664 Militesne
609 1616 735 1678 appellem?

75 1682 113 1741 qui
128 1679 198 1726 filium
214 1681 353 1741 imperatoris
363 1681 432 1727 vestri
442 1682 502 1728 vallo
519 1690 542 1730 et
557 1682 625 1728 armis
639 1683 736 1733 circum-

76 1745 171 1791 aedistis.
209 1746 247 1791 An
266 1745 343 1792 cives?
368 1747 447 1806 quibus
466 1753 512 1793 tam
528 1748 628 1808 projecta
645 1746 736 1792 senatus

75 1811 202 1861 auctoritas.
234 1809 344 1857 Hostium
355 1825 443 1871 quoque
450 1813 495 1873 jus,
506 1818 529 1858 et
541 1826 603 1858 sacra
611 1811 738 1872 legationis,

76 1882 100 1922 et
115 1874 149 1921 fas
166 1875 275 1936 gentium,
292 1876 389 1936 rupistis.
421 1874 496 1922 Divus
512 1874 587 1923 Julius
603 1876 737 1922 seditionem

76 1940 189 1986 exercitur
200 1940 268 1986 verbo
284 1955 330 1986 uuo
346 1941 489 2001 compescuit,
509 1941 611 1992 Quirites
626 1941 736 1996 vocando,

77 2005 114 2065 qui
126 2012 289 2051 sacramentum
297 2005 345 2066 ejus
351 2004 509 2051 detrectabant.
529 2003 605 2050 Divus
616 2002 738 2067 Augustus

76 2069 142 2115 vultu
153 2077 176 2116 et
186 2069 291 2132 adspectu
308 2069 413 2116 Actiacas
429 2069 529 2130 legiones
545 2071 667 2116 exterruit:
688 2085 737 2125 nos,

77 2143 102 2180 ut
117 2134 216 2180 nondum
233 2133 330 2187 eosdem,
347 2135 378 2180 ita
392 2149 421 2179 ex
438 2134 482 2179 illia
499 2141 567 2189 ortos,
585 2135 603 2181 si
617 2133 738 2196 Hispanias
776 2146 778 2150 ’

78 2199 180 2258 Syriaeve
191 2199 255 2247 miles
265 2199 440 2259 adspernaretur,
452 2207 526 2245 tamen
535 2201 617 2246 mirum
628 2207 651 2246 et
661 2199 736 2261 indig-

77 2278 131 2310 num
140 2271 195 2310 erat.
227 2252 333 2310 Primaue
344 2270 367 2310 et
377 2265 483 2310 vicesima
493 2263 601 2326 legiones,
617 2265 656 2310 illa
666 2265 738 2326 signis

77 2343 92 2374 a
102 2327 193 2374 Tiberio
205 2328 308 2389 acceptis,
323 2334 348 2373 tu
364 2335 398 2373 tot
408 2328 537 2388 proeliorum
549 2333 616 2383 socie,
628 2336 663 2375 tut
676 2343 736 2391 pree·

77 2393 129 2439 ruiis
146 2400 216 2447 aucta,
235 2393 350 2454 egregiam
367 2393 418 2439 duci
433 2401 509 2440 vestro
525 2394 620 2454 gratiam
637 2392 736 2441 refertis!

78 2456 150 2503 Hunc
162 2473 205 2518 ego
216 2457 320 2504 nuntium
334 2458 398 2518 patri,
415 2458 467 2505 laeta
477 2459 553 2504 omnia
563 2459 612 2504 eliis
623 2473 635 2504 e
646 2459 739 2520 provin-

29 2565 32 2570 ,
74 2523 118 2568 elie
126 2522 233 2576 audienti,
244 2520 334 2570 feram?
351 2522 422 2585 ipsius
431 2523 525 2578 tirones,
534 2523 606 2583 ipsius
613 2531 744 2576 amiantos,

60 2600 111 2633 non
121 2588 244 2647 missione,
260 2604 309 2638 nou
321 2587 423 2655 pecuniis
437 2589 549 2638 satiatos:
565 2583 607 2631 ute
616 2584 755 2636 tantum'an*
