<?xml version="1.0" encoding="UTF-8"?>
<!DOCTYPE html PUBLIC "-//W3C//DTD XHTML 1.0 Transitional//EN"
    "http://www.w3.org/TR/xhtml1/DTD/xhtml1-transitional.dtd">
<html xmlns="http://www.w3.org/1999/xhtml" xml:lang="en" lang="en">
 <head>
  <title>
</title>
<meta http-equiv="Content-Type" content="text/html;charset=utf-8" />
  <meta name='ocr-system' content='tesseract 3.04.00' />
  <meta name='ocr-capabilities' content='ocr_page ocr_carea ocr_par ocr_line ocrx_word'/>
</head>
<body>
  <div class='ocr_page' id='page_1' title='image "./ccorneliitaciti00obergoog_0067.png"; bbox 0 0 1680 2910; ppageno 0'>
   <div class='ocr_carea' id='block_1_1' title="bbox 4 2742 36 2773">
    <p class='ocr_par' dir='ltr' id='par_1_1' title="bbox 4 2742 36 2773">
     <span class='ocr_line' id='line_1_1' title="bbox 4 2742 36 2773; baseline 0 -2"><span class='ocrx_word' id='word_1_1' title='bbox 4 2742 36 2773; x_wconf 57' lang='lat' dir='ltr'>k</span> 
     </span>
    </p>
   </div>
   <div class='ocr_carea' id='block_1_2' title="bbox 135 178 803 243">
    <p class='ocr_par' dir='ltr' id='par_1_2' title="bbox 135 178 803 243">
     <span class='ocr_line' id='line_1_2' title="bbox 135 178 803 243; baseline -0.006 -6"><span class='ocrx_word' id='word_1_2' title='bbox 135 187 168 237; x_wconf 73' lang='lat'>54</span> <span class='ocrx_word' id='word_1_3' title='bbox 232 178 425 233; x_wconf 63' lang='lat' dir='ltr'>surranum</span> <span class='ocrx_word' id='word_1_4' title='bbox 441 179 540 230; x_wconf 75' lang='lat' dir='ltr'>LmII.</span> <span class='ocrx_word' id='word_1_5' title='bbox 551 179 661 232; x_wconf 69' lang='lat' dir='ltr'>emm</span> <span class='ocrx_word' id='word_1_6' title='bbox 684 183 803 243; x_wconf 60' lang='lat' dir='ltr'>ihc-m</span> 
     </span>
    </p>
   </div>
   <div class='ocr_carea' id='block_1_3' title="bbox 134 311 837 2713">
    <p class='ocr_par' dir='ltr' id='par_1_3' title="bbox 134 311 805 1010">
     <span class='ocr_line' id='line_1_3' title="bbox 134 311 801 376; baseline 0 -14"><span class='ocrx_word' id='word_1_7' title='bbox 134 313 217 363; x_wconf 78' lang='lat' dir='ltr'>faciem</span> <span class='ocrx_word' id='word_1_8' title='bbox 228 328 269 360; x_wconf 88' lang='lat' dir='ltr'>suo</span> <span class='ocrx_word' id='word_1_9' title='bbox 280 326 365 375; x_wconf 77' lang='lat' dir='ltr'>eruore.</span> <span class='ocrx_word' id='word_1_10' title='bbox 378 319 552 360; x_wconf 84' lang='lat' dir='ltr'>neossoeretur.</span> <span class='ocrx_word' id='word_1_11' title='bbox 579 311 684 368; x_wconf 79' lang='lat' dir='ltr'>Quidam,</span> <span class='ocrx_word' id='word_1_12' title='bbox 697 314 801 376; x_wconf 78' lang='lat' dir='ltr'>agnitum</span> 
     </span>
     <span class='ocr_line' id='line_1_4' title="bbox 136 377 801 440; baseline 0 -13"><span class='ocrx_word' id='word_1_13' title='bbox 136 379 151 427; x_wconf 77' lang='lat' dir='ltr'>&#39;a</span> <span class='ocrx_word' id='word_1_14' title='bbox 169 377 275 433; x_wconf 85' lang='lat' dir='ltr'>Chaiiois,</span> <span class='ocrx_word' id='word_1_15' title='bbox 294 379 354 425; x_wconf 85' lang='lat' dir='ltr'>inter</span> <span class='ocrx_word' id='word_1_16' title='bbox 371 378 454 425; x_wconf 74' lang='lat' dir='ltr'>auxilia</span> <span class='ocrx_word' id='word_1_17' title='bbox 468 377 574 425; x_wconf 87' lang='lat' dir='ltr'>Romana</span> <span class='ocrx_word' id='word_1_18' title='bbox 584 379 715 440; x_wconf 73' lang='lat' dir='ltr'>agentibus,</span> <span class='ocrx_word' id='word_1_19' title='bbox 732 379 801 427; x_wconf 84' lang='lat' dir='ltr'>emis·</span> 
     </span>
     <span class='ocr_line' id='line_1_5' title="bbox 139 441 802 505; baseline -0.009 -13"><span class='ocrx_word' id='word_1_20' title='bbox 139 458 233 503; x_wconf 81' lang='lat' dir='ltr'>sumque</span> <span class='ocrx_word' id='word_1_21' title='bbox 241 443 387 490; x_wconf 79' lang='lat' dir='ltr'>tredIderunt</span> <span class='ocrx_word' id='word_1_22' title='bbox 417 441 498 490; x_wconf 74' lang='lat' dir='ltr'>Virtus</span> <span class='ocrx_word' id='word_1_23' title='bbox 508 458 548 489; x_wconf 89' lang='lat' dir='ltr'>seu</span> <span class='ocrx_word' id='word_1_24' title='bbox 558 442 620 489; x_wconf 78' lang='lat' dir='ltr'>fraus</span> <span class='ocrx_word' id='word_1_25' title='bbox 630 443 708 490; x_wconf 89' lang='lat' dir='ltr'>eadem</span> <span class='ocrx_word' id='word_1_26' title='bbox 720 441 802 505; x_wconf 75' lang='lat' dir='ltr'>Ingui-</span> 
     </span>
     <span class='ocr_line' id='line_1_6' title="bbox 138 507 804 570; baseline 0 -14"><span class='ocrx_word' id='word_1_27' title='bbox 138 523 217 556; x_wconf 82' lang='lat' dir='ltr'><strong>omero</strong></span> <span class='ocrx_word' id='word_1_28' title='bbox 234 507 343 570; x_wconf 76' lang='lat' dir='ltr'>effugium</span> <span class='ocrx_word' id='word_1_29' title='bbox 359 507 432 554; x_wconf 80' lang='lat' dir='ltr'>dedit:</span> <span class='ocrx_word' id='word_1_30' title='bbox 452 509 527 554; x_wconf 80' lang='lat' dir='ltr'>oaeteri</span> <span class='ocrx_word' id='word_1_31' title='bbox 541 508 624 569; x_wconf 87' lang='lat' dir='ltr'>passim</span> <span class='ocrx_word' id='word_1_32' title='bbox 640 507 759 554; x_wconf 85' lang='lat' dir='ltr'>trucidati:</span> <span class='ocrx_word' id='word_1_33' title='bbox 779 515 804 556; x_wconf 90' lang='lat' dir='ltr'>et</span> 
     </span>
     <span class='ocr_line' id='line_1_7' title="bbox 139 570 802 636; baseline 0.002 -17"><span class='ocrx_word' id='word_1_34' title='bbox 139 573 265 636; x_wconf 85' lang='lat' dir='ltr'>plerosque,</span> <span class='ocrx_word' id='word_1_35' title='bbox 283 579 372 620; x_wconf 74' lang='lat' dir='ltr'>uenere</span> <span class='ocrx_word' id='word_1_36' title='bbox 386 570 503 633; x_wconf 74' lang='lat' dir='ltr'>Visurgim</span> <span class='ocrx_word' id='word_1_37' title='bbox 518 579 633 626; x_wconf 83' lang='lat' dir='ltr'>oonoutes,</span> <span class='ocrx_word' id='word_1_38' title='bbox 650 573 732 635; x_wconf 75' lang='lat' dir='ltr'>injecta</span> <span class='ocrx_word' id='word_1_39' title='bbox 750 573 802 628; x_wconf 80' lang='lat' dir='ltr'>tela.</span> 
     </span>
     <span class='ocr_line' id='line_1_8' title="bbox 139 637 802 716; baseline -0.002 -31"><span class='ocrx_word' id='word_1_40' title='bbox 139 644 180 685; x_wconf 79' lang='lat' dir='ltr'>aut</span> <span class='ocrx_word' id='word_1_41' title='bbox 195 638 230 683; x_wconf 80' lang='lat' dir='ltr'>vis</span> <span class='ocrx_word' id='word_1_42' title='bbox 244 637 350 693; x_wconf 89' lang='lat' dir='ltr'>fluminis,</span> <span class='ocrx_word' id='word_1_43' title='bbox 365 644 479 716; x_wconf 82' lang='lat' dir='ltr'>postremo</span> <span class='ocrx_word' id='word_1_44' title='bbox 494 637 566 685; x_wconf 91' lang='lat' dir='ltr'>moles</span> <span class='ocrx_word' id='word_1_45' title='bbox 580 637 692 683; x_wconf 89' lang='lat' dir='ltr'>ruentium</span> <span class='ocrx_word' id='word_1_46' title='bbox 707 643 730 683; x_wconf 87' lang='lat' dir='ltr'>et</span> <span class='ocrx_word' id='word_1_47' title='bbox 744 638 802 684; x_wconf 83' lang='lat' dir='ltr'>inei-</span> 
     </span>
     <span class='ocr_line' id='line_1_9' title="bbox 140 700 805 764; baseline 0 -15"><span class='ocrx_word' id='word_1_48' title='bbox 140 703 220 750; x_wconf 86' lang='lat' dir='ltr'>dentea</span> <span class='ocrx_word' id='word_1_49' title='bbox 231 703 285 764; x_wconf 78' lang='lat' dir='ltr'>ripae</span> <span class='ocrx_word' id='word_1_50' title='bbox 296 717 411 764; x_wconf 85' lang='lat' dir='ltr'>operuere.</span> <span class='ocrx_word' id='word_1_51' title='bbox 443 701 611 764; x_wconf 82' lang='lat' dir='ltr'>Quidum-turpi</span> <span class='ocrx_word' id='word_1_52' title='bbox 620 700 707 762; x_wconf 75' lang='lat' dir='ltr'>lugdin</span> <span class='ocrx_word' id='word_1_53' title='bbox 715 717 805 749; x_wconf 75' lang='lat' dir='ltr'>mumma</span> 
     </span>
     <span class='ocr_line' id='line_1_10' title="bbox 141 766 804 830; baseline -0.002 -15"><span class='ocrx_word' id='word_1_54' title='bbox 141 768 245 815; x_wconf 86' lang='lat' dir='ltr'>arborum</span> <span class='ocrx_word' id='word_1_55' title='bbox 256 767 306 822; x_wconf 75' lang='lat' dir='ltr'>nisi,</span> <span class='ocrx_word' id='word_1_56' title='bbox 318 767 429 828; x_wconf 81' lang='lat' dir='ltr'>ramisque</span> <span class='ocrx_word' id='word_1_57' title='bbox 439 781 465 813; x_wconf 80' lang='lat' dir='ltr'>se</span> <span class='ocrx_word' id='word_1_58' title='bbox 475 767 619 820; x_wconf 75' lang='lat' dir='ltr'>occultantes,</span> <span class='ocrx_word' id='word_1_59' title='bbox 628 766 723 812; x_wconf 79' lang='lat' dir='ltr'>admotis</span> <span class='ocrx_word' id='word_1_60' title='bbox 732 767 804 830; x_wconf 75' lang='lat' dir='ltr'>sagit·</span> 
     </span>
     <span class='ocr_line' id='line_1_11' title="bbox 140 829 803 893; baseline -0.002 -14"><span class='ocrx_word' id='word_1_61' title='bbox 140 832 211 887; x_wconf 80' lang='lat' dir='ltr'>tariis,</span> <span class='ocrx_word' id='word_1_62' title='bbox 227 846 268 893; x_wconf 88' lang='lat' dir='ltr'>per</span> <span class='ocrx_word' id='word_1_63' title='bbox 283 831 402 880; x_wconf 86' lang='lat' dir='ltr'>ludibrium</span> <span class='ocrx_word' id='word_1_64' title='bbox 420 829 559 892; x_wconf 67' lang='lat' dir='ltr'>figebantur:</span> <span class='ocrx_word' id='word_1_65' title='bbox 578 830 634 877; x_wconf 83' lang='lat' dir='ltr'>alios</span> <span class='ocrx_word' id='word_1_66' title='bbox 648 838 748 892; x_wconf 63' lang='lat' dir='ltr'>proruta</span> <span class='ocrx_word' id='word_1_67' title='bbox 767 847 803 878; x_wconf 88' lang='lat' dir='ltr'>ar·</span> 
     </span>
     <span class='ocr_line' id='line_1_12' title="bbox 141 893 805 958; baseline 0 -14"><span class='ocrx_word' id='word_1_68' title='bbox 141 897 207 944; x_wconf 86' lang='lat' dir='ltr'>bores</span> <span class='ocrx_word' id='word_1_69' title='bbox 218 893 325 944; x_wconf 73' lang='lat' dir='ltr'>affluere.</span> <span class='ocrx_word' id='word_1_70' title='bbox 357 895 449 958; x_wconf 75' lang='lat' dir='ltr'>Magus</span> <span class='ocrx_word' id='word_1_71' title='bbox 461 910 489 942; x_wconf 79' lang='lat' dir='ltr'>ee</span> <span class='ocrx_word' id='word_1_72' title='bbox 503 895 606 952; x_wconf 81' lang='lat' dir='ltr'>victorio,</span> <span class='ocrx_word' id='word_1_73' title='bbox 622 909 696 956; x_wconf 84' lang='lat' dir='ltr'>neque</span> <span class='ocrx_word' id='word_1_74' title='bbox 711 904 805 944; x_wconf 79' lang='lat' dir='ltr'>eruenta</span> 
     </span>
     <span class='ocr_line' id='line_1_13' title="bbox 142 961 267 1010; baseline -0.008 -2"><span class='ocrx_word' id='word_1_75' title='bbox 142 962 206 1010; x_wconf 90' lang='lat' dir='ltr'>uobis</span> <span class='ocrx_word' id='word_1_76' title='bbox 217 961 267 1007; x_wconf 69' lang='lat' dir='ltr'>fuit,</span> 
     </span>
    </p>

    <p class='ocr_par' dir='ltr' id='par_1_4' title="bbox 137 1023 837 1477">
     <span class='ocr_line' id='line_1_14' title="bbox 137 1023 837 1079; baseline 0 -7"><span class='ocrx_word' id='word_1_77' title='bbox 137 1037 157 1064; x_wconf 76' lang='lat'>2-</span> <span class='ocrx_word' id='word_1_78' title='bbox 175 1023 274 1072; x_wconf 84' lang='lat' dir='ltr'>XVIII.</span> <span class='ocrx_word' id='word_1_79' title='bbox 291 1023 377 1079; x_wconf 76' lang='lat' dir='ltr'>Quinti</span> <span class='ocrx_word' id='word_1_80' title='bbox 387 1027 415 1074; x_wconf 86' lang='lat' dir='ltr'>ob</span> <span class='ocrx_word' id='word_1_81' title='bbox 424 1023 481 1072; x_wconf 75' lang='lat' dir='ltr'>bord</span> <span class='ocrx_word' id='word_1_82' title='bbox 490 1024 534 1072; x_wconf 89' lang='lat' dir='ltr'>diei</span> <span class='ocrx_word' id='word_1_83' title='bbox 545 1024 573 1072; x_wconf 84' lang='lat' dir='ltr'>ad</span> <span class='ocrx_word' id='word_1_84' title='bbox 587 1031 677 1072; x_wconf 86' lang='lat' dir='ltr'>noctem</span> <span class='ocrx_word' id='word_1_85' title='bbox 688 1024 741 1072; x_wconf 76' lang='lat' dir='ltr'>caeai</span> <span class='ocrx_word' id='word_1_86' title='bbox 752 1025 805 1072; x_wconf 90' lang='lat' dir='ltr'>hos·</span> <span class='ocrx_word' id='word_1_87' title='bbox 834 1032 837 1037; x_wconf 87' lang='lat'>&#39;</span> 
     </span>
     <span class='ocr_line' id='line_1_15' title="bbox 142 1090 806 1154; baseline -0.003 -16"><span class='ocrx_word' id='word_1_88' title='bbox 142 1097 177 1138; x_wconf 82' lang='lat' dir='ltr'>tes</span> <span class='ocrx_word' id='word_1_89' title='bbox 195 1091 272 1137; x_wconf 87' lang='lat' dir='ltr'>deoern</span> <span class='ocrx_word' id='word_1_90' title='bbox 291 1091 361 1137; x_wconf 87' lang='lat' dir='ltr'>millia</span> <span class='ocrx_word' id='word_1_91' title='bbox 377 1105 482 1154; x_wconf 82' lang='lat' dir='ltr'>passuum</span> <span class='ocrx_word' id='word_1_92' title='bbox 500 1090 643 1137; x_wconf 80' lang='lat' dir='ltr'>cadaveribus</span> <span class='ocrx_word' id='word_1_93' title='bbox 657 1096 724 1150; x_wconf 87' lang='lat' dir='ltr'>utque</span> <span class='ocrx_word' id='word_1_94' title='bbox 737 1091 806 1141; x_wconf 84' lang='lat' dir='ltr'>armis</span> 
     </span>
     <span class='ocr_line' id='line_1_16' title="bbox 144 1152 807 1218; baseline 0 -16"><span class='ocrx_word' id='word_1_95' title='bbox 144 1152 280 1218; x_wconf 69' lang='lat' dir='ltr'>opplevere3</span> <span class='ocrx_word' id='word_1_96' title='bbox 295 1157 388 1217; x_wconf 75' lang='lat' dir='ltr'>repertis</span> <span class='ocrx_word' id='word_1_97' title='bbox 398 1156 457 1203; x_wconf 88' lang='lat' dir='ltr'>iuter</span> <span class='ocrx_word' id='word_1_98' title='bbox 468 1154 538 1216; x_wconf 89' lang='lat' dir='ltr'>spolia</span> <span class='ocrx_word' id='word_1_99' title='bbox 552 1169 630 1201; x_wconf 86' lang='lat' dir='ltr'>eorum</span> <span class='ocrx_word' id='word_1_100' title='bbox 643 1154 734 1208; x_wconf 73' lang='lat' dir='ltr'>ottenis,</span> <span class='ocrx_word' id='word_1_101' title='bbox 751 1170 807 1215; x_wconf 84' lang='lat' dir='ltr'>quus</span> 
     </span>
     <span class='ocr_line' id='line_1_17' title="bbox 144 1218 807 1280; baseline 0 -14"><span class='ocrx_word' id='word_1_102' title='bbox 144 1219 300 1274; x_wconf 84' lang='lat' dir='ltr'>inIiomunos,</span> <span class='ocrx_word' id='word_1_103' title='bbox 309 1227 387 1267; x_wconf 90' lang='lat' dir='ltr'>utnon</span> <span class='ocrx_word' id='word_1_104' title='bbox 395 1221 559 1273; x_wconf 78' lang='lat' dir='ltr'>dubioeventu,</span> <span class='ocrx_word' id='word_1_105' title='bbox 566 1226 717 1280; x_wconf 82' lang='lat' dir='ltr'>portaverant.</span> <span class='ocrx_word' id='word_1_106' title='bbox 736 1218 807 1266; x_wconf 82' lang='lat' dir='ltr'>Miles</span> 
     </span>
     <span class='ocr_line' id='line_1_18' title="bbox 145 1283 807 1348; baseline -0.003 -17"><span class='ocrx_word' id='word_1_107' title='bbox 145 1285 169 1332; x_wconf 89' lang='lat' dir='ltr'>in</span> <span class='ocrx_word' id='word_1_108' title='bbox 180 1285 231 1333; x_wconf 87' lang='lat' dir='ltr'>loco</span> <span class='ocrx_word' id='word_1_109' title='bbox 242 1285 314 1348; x_wconf 81' lang='lat' dir='ltr'>proelii</span> <span class='ocrx_word' id='word_1_110' title='bbox 320 1283 435 1332; x_wconf 85' lang='lat' dir='ltr'>Tiberium</span> <span class='ocrx_word' id='word_1_111' title='bbox 442 1285 599 1346; x_wconf 77' lang='lat' dir='ltr'>imperatorem</span> <span class='ocrx_word' id='word_1_112' title='bbox 609 1283 719 1338; x_wconf 80' lang='lat' dir='ltr'>salutavit,</span> <span class='ocrx_word' id='word_1_113' title='bbox 732 1291 807 1330; x_wconf 88' lang='lat' dir='ltr'>strux-</span> 
     </span>
     <span class='ocr_line' id='line_1_19' title="bbox 146 1349 808 1412; baseline 0 -16"><span class='ocrx_word' id='word_1_114' title='bbox 146 1350 207 1411; x_wconf 87' lang='lat' dir='ltr'>itque</span> <span class='ocrx_word' id='word_1_115' title='bbox 218 1365 332 1412; x_wconf 78' lang='lat' dir='ltr'>aggerem,</span> <span class='ocrx_word' id='word_1_116' title='bbox 349 1357 373 1397; x_wconf 86' lang='lat' dir='ltr'>et</span> <span class='ocrx_word' id='word_1_117' title='bbox 383 1350 406 1396; x_wconf 90' lang='lat' dir='ltr'>lu</span> <span class='ocrx_word' id='word_1_118' title='bbox 421 1350 513 1396; x_wconf 88' lang='lat' dir='ltr'>modum</span> <span class='ocrx_word' id='word_1_119' title='bbox 523 1354 660 1411; x_wconf 78' lang='lat' dir='ltr'>tropaeorum</span> <span class='ocrx_word' id='word_1_120' title='bbox 670 1363 740 1404; x_wconf 73' lang='lat' dir='ltr'>arma,</span> <span class='ocrx_word' id='word_1_121' title='bbox 753 1349 808 1396; x_wconf 79' lang='lat' dir='ltr'>&#39;sub-</span> 
     </span>
     <span class='ocr_line' id='line_1_20' title="bbox 147 1413 738 1477; baseline -0.002 -16"><span class='ocrx_word' id='word_1_122' title='bbox 147 1416 236 1475; x_wconf 86' lang='lat' dir='ltr'>scriptis</span> <span class='ocrx_word' id='word_1_123' title='bbox 246 1416 355 1462; x_wconf 80' lang='lat' dir='ltr'>victarum</span> <span class='ocrx_word' id='word_1_124' title='bbox 366 1416 469 1477; x_wconf 85' lang='lat' dir='ltr'>gentium</span> <span class='ocrx_word' id='word_1_125' title='bbox 480 1414 613 1468; x_wconf 82' lang='lat' dir='ltr'>nominibus,</span> <span class='ocrx_word' id='word_1_126' title='bbox 624 1413 738 1475; x_wconf 76' lang='lat' dir='ltr'>imposuit.</span> 
     </span>
    </p>

    <p class='ocr_par' dir='ltr' id='par_1_5' title="bbox 142 1477 812 2253">
     <span class='ocr_line' id='line_1_21' title="bbox 181 1477 810 1542; baseline 0.003 -18"><span class='ocrx_word' id='word_1_127' title='bbox 181 1477 253 1526; x_wconf 85' lang='lat' dir='ltr'>XIX.</span> <span class='ocrx_word' id='word_1_128' title='bbox 277 1479 347 1526; x_wconf 83' lang='lat' dir='ltr'>Haud</span> <span class='ocrx_word' id='word_1_129' title='bbox 362 1480 454 1542; x_wconf 80' lang='lat' dir='ltr'>perinde</span> <span class='ocrx_word' id='word_1_130' title='bbox 470 1479 598 1526; x_wconf 89' lang='lat' dir='ltr'>Germanos</span> <span class='ocrx_word' id='word_1_131' title='bbox 611 1479 712 1533; x_wconf 88' lang='lat' dir='ltr'>vulnera,</span> <span class='ocrx_word' id='word_1_132' title='bbox 728 1479 810 1534; x_wconf 82' lang='lat' dir='ltr'>luctus,</span> 
     </span>
     <span class='ocr_line' id='line_1_22' title="bbox 148 1541 810 1607; baseline -0.002 -16"><span class='ocrx_word' id='word_1_133' title='bbox 148 1543 242 1597; x_wconf 79' lang='lat' dir='ltr'>excidis,</span> <span class='ocrx_word' id='word_1_134' title='bbox 258 1559 325 1605; x_wconf 84' lang='lat' dir='ltr'>quam</span> <span class='ocrx_word' id='word_1_135' title='bbox 337 1559 365 1591; x_wconf 81' lang='lat' dir='ltr'>es</span> <span class='ocrx_word' id='word_1_136' title='bbox 379 1545 472 1607; x_wconf 81' lang='lat' dir='ltr'>speeies,</span> <span class='ocrx_word' id='word_1_137' title='bbox 488 1542 566 1591; x_wconf 88' lang='lat' dir='ltr'>dolore</span> <span class='ocrx_word' id='word_1_138' title='bbox 580 1551 604 1590; x_wconf 89' lang='lat' dir='ltr'>et</span> <span class='ocrx_word' id='word_1_139' title='bbox 618 1541 651 1590; x_wconf 80' lang='lat' dir='ltr'>ird</span> <span class='ocrx_word' id='word_1_140' title='bbox 665 1542 752 1591; x_wconf 79' lang='lat' dir='ltr'>effecit:</span> <span class='ocrx_word' id='word_1_141' title='bbox 771 1545 810 1605; x_wconf 91' lang='lat' dir='ltr'>qui</span> 
     </span>
     <span class='ocr_line' id='line_1_23' title="bbox 148 1608 810 1670; baseline 0 -15"><span class='ocrx_word' id='word_1_142' title='bbox 148 1609 216 1655; x_wconf 91' lang='lat' dir='ltr'>modo</span> <span class='ocrx_word' id='word_1_143' title='bbox 227 1609 287 1656; x_wconf 84' lang='lat' dir='ltr'>abire</span> <span class='ocrx_word' id='word_1_144' title='bbox 297 1609 392 1665; x_wconf 87' lang='lat' dir='ltr'>sedibus,</span> <span class='ocrx_word' id='word_1_145' title='bbox 404 1615 466 1656; x_wconf 81' lang='lat' dir='ltr'>tram</span> <span class='ocrx_word' id='word_1_146' title='bbox 476 1608 553 1655; x_wconf 83' lang='lat' dir='ltr'>Albim</span> <span class='ocrx_word' id='word_1_147' title='bbox 564 1608 688 1655; x_wconf 80' lang='lat' dir='ltr'>concedere</span> <span class='ocrx_word' id='word_1_148' title='bbox 697 1609 810 1670; x_wconf 75' lang='lat' dir='ltr'>parebunt,</span> 
     </span>
     <span class='ocr_line' id='line_1_24' title="bbox 148 1673 811 1736; baseline 0.002 -17"><span class='ocrx_word' id='word_1_149' title='bbox 148 1688 248 1736; x_wconf 84' lang='lat' dir='ltr'>pugnam</span> <span class='ocrx_word' id='word_1_150' title='bbox 261 1673 347 1730; x_wconf 84' lang='lat' dir='ltr'>volunt,</span> <span class='ocrx_word' id='word_1_151' title='bbox 362 1689 424 1722; x_wconf 66' lang='lat' dir='ltr'>nme</span> <span class='ocrx_word' id='word_1_152' title='bbox 433 1674 535 1736; x_wconf 78' lang='lat' dir='ltr'>rapiunt:</span> <span class='ocrx_word' id='word_1_153' title='bbox 554 1674 637 1735; x_wconf 84' lang='lat' dir='ltr'>plebes,</span> <span class='ocrx_word' id='word_1_154' title='bbox 648 1673 811 1736; x_wconf 68' lang='lat' dir='ltr'>primores‘J‘u·</span> 
     </span>
     <span class='ocr_line' id='line_1_25' title="bbox 148 1739 812 1802; baseline 0.003 -18"><span class='ocrx_word' id='word_1_155' title='bbox 148 1745 236 1793; x_wconf 83' lang='lat' dir='ltr'>ventus,</span> <span class='ocrx_word' id='word_1_156' title='bbox 254 1753 318 1786; x_wconf 86' lang='lat' dir='ltr'>renes</span> <span class='ocrx_word' id='word_1_157' title='bbox 335 1753 417 1802; x_wconf 75' lang='lat' dir='ltr'>agmen</span> <span class='ocrx_word' id='word_1_158' title='bbox 435 1739 565 1786; x_wconf 86' lang='lat' dir='ltr'>Romanum</span> <span class='ocrx_word' id='word_1_159' title='bbox 582 1746 673 1800; x_wconf 89' lang='lat' dir='ltr'>repente</span> <span class='ocrx_word' id='word_1_160' title='bbox 691 1739 812 1793; x_wconf 82' lang='lat' dir='ltr'>incursant,</span> 
     </span>
     <span class='ocr_line' id='line_1_26' title="bbox 149 1802 812 1866; baseline 0.005 -18"><span class='ocrx_word' id='word_1_161' title='bbox 149 1802 253 1850; x_wconf 77' lang='lat' dir='ltr'>turbant:</span> <span class='ocrx_word' id='word_1_162' title='bbox 271 1811 384 1866; x_wconf 86' lang='lat' dir='ltr'>postremo</span> <span class='ocrx_word' id='word_1_163' title='bbox 399 1805 501 1866; x_wconf 84' lang='lat' dir='ltr'>deligunt</span> <span class='ocrx_word' id='word_1_164' title='bbox 511 1804 593 1858; x_wconf 89' lang='lat' dir='ltr'>locum,</span> <span class='ocrx_word' id='word_1_165' title='bbox 610 1803 703 1850; x_wconf 85' lang='lat' dir='ltr'>flumine</span> <span class='ocrx_word' id='word_1_166' title='bbox 714 1809 737 1849; x_wconf 86' lang='lat' dir='ltr'>et</span> <span class='ocrx_word' id='word_1_167' title='bbox 750 1804 812 1851; x_wconf 84' lang='lat' dir='ltr'>silvis</span> 
     </span>
     <span class='ocr_line' id='line_1_27' title="bbox 150 1865 807 1931; baseline 0.006 -19"><span class='ocrx_word' id='word_1_168' title='bbox 150 1866 258 1922; x_wconf 85' lang='lat' dir='ltr'>clausum,</span> <span class='ocrx_word' id='word_1_169' title='bbox 275 1868 337 1915; x_wconf 75' lang='lat' dir='ltr'>arcti</span> <span class='ocrx_word' id='word_1_170' title='bbox 350 1870 411 1917; x_wconf 90' lang='lat' dir='ltr'>intus</span> <span class='ocrx_word' id='word_1_171' title='bbox 421 1869 513 1931; x_wconf 78' lang='lat' dir='ltr'>planitie</span> <span class='ocrx_word' id='word_1_172' title='bbox 523 1875 547 1915; x_wconf 88' lang='lat' dir='ltr'>et</span> <span class='ocrx_word' id='word_1_173' title='bbox 556 1865 657 1915; x_wconf 75' lang='lat' dir='ltr'>humidi:</span> <span class='ocrx_word' id='word_1_174' title='bbox 677 1868 745 1915; x_wconf 79' lang='lat' dir='ltr'>silves</span> <span class='ocrx_word' id='word_1_175' title='bbox 755 1884 807 1930; x_wconf 88' lang='lat' dir='ltr'>quo·</span> 
     </span>
     <span class='ocr_line' id='line_1_28' title="bbox 142 1932 802 1995; baseline 0.003 -17"><span class='ocrx_word' id='word_1_176' title='bbox 142 1946 194 1992; x_wconf 56' lang='lat' dir='ltr'>»que</span> <span class='ocrx_word' id='word_1_177' title='bbox 208 1932 318 1994; x_wconf 83' lang='lat' dir='ltr'>profundo</span> <span class='ocrx_word' id='word_1_178' title='bbox 330 1935 395 1995; x_wconf 85' lang='lat' dir='ltr'>palus</span> <span class='ocrx_word' id='word_1_179' title='bbox 412 1934 514 1986; x_wconf 71' lang='lat' dir='ltr'>ambibat,</span> <span class='ocrx_word' id='word_1_180' title='bbox 531 1933 574 1979; x_wconf 86' lang='lat' dir='ltr'>uisi</span> <span class='ocrx_word' id='word_1_181' title='bbox 590 1933 651 1994; x_wconf 88' lang='lat' dir='ltr'>quod</span> <span class='ocrx_word' id='word_1_182' title='bbox 666 1933 725 1980; x_wconf 82' lang='lat' dir='ltr'>lutus</span> <span class='ocrx_word' id='word_1_183' title='bbox 742 1949 802 1980; x_wconf 89' lang='lat' dir='ltr'>unuu</span> 
     </span>
     <span class='ocr_line' id='line_1_29' title="bbox 151 1995 798 2060; baseline 0.006 -18"><span class='ocrx_word' id='word_1_184' title='bbox 151 1996 283 2059; x_wconf 85' lang='lat' dir='ltr'>Angrivarii</span> <span class='ocrx_word' id='word_1_185' title='bbox 297 1998 343 2045; x_wconf 86' lang='lat' dir='ltr'>lato</span> <span class='ocrx_word' id='word_1_186' title='bbox 387 2014 442 2060; x_wconf 79' lang='lat' dir='ltr'>gere</span> <span class='ocrx_word' id='word_1_187' title='bbox 456 1997 589 2051; x_wconf 75' lang='lat' dir='ltr'>extulerant,</span> <span class='ocrx_word' id='word_1_188' title='bbox 604 2013 648 2058; x_wconf 90' lang='lat' dir='ltr'>quo</span> <span class='ocrx_word' id='word_1_189' title='bbox 663 2014 677 2045; x_wconf 85' lang='lat' dir='ltr'>e</span> <span class='ocrx_word' id='word_1_190' title='bbox 692 1995 798 2046; x_wconf 69' lang='lat' dir='ltr'>(illerum¹</span> 
     </span>
     <span class='ocr_line' id='line_1_30' title="bbox 150 2061 792 2126; baseline 0.005 -19"><span class='ocrx_word' id='word_1_191' title='bbox 150 2061 314 2109; x_wconf 85' lang='lat' dir='ltr'>dirimerentur.</span> <span class='ocrx_word' id='word_1_192' title='bbox 348 2061 397 2109; x_wconf 89' lang='lat' dir='ltr'>Ho</span> <span class='ocrx_word' id='word_1_193' title='bbox 410 2063 479 2126; x_wconf 87' lang='lat' dir='ltr'>pedes</span> <span class='ocrx_word' id='word_1_194' title='bbox 491 2061 591 2109; x_wconf 75' lang='lat' dir='ltr'>adstitit:</span> <span class='ocrx_word' id='word_1_195' title='bbox 610 2062 708 2122; x_wconf 87' lang='lat' dir='ltr'>equitem</span> <span class='ocrx_word' id='word_1_196' title='bbox 722 2064 792 2126; x_wconf 82' lang='lat' dir='ltr'>propir</span> 
     </span>
     <span class='ocr_line' id='line_1_31' title="bbox 151 2125 784 2190; baseline 0.005 -17"><span class='ocrx_word' id='word_1_197' title='bbox 151 2127 202 2187; x_wconf 92' lang='lat' dir='ltr'>quis</span> <span class='ocrx_word' id='word_1_198' title='bbox 219 2127 276 2175; x_wconf 89' lang='lat' dir='ltr'>lucis</span> <span class='ocrx_word' id='word_1_199' title='bbox 290 2125 374 2184; x_wconf 69' lang='lat' dir='ltr'>texere,</span> <span class='ocrx_word' id='word_1_200' title='bbox 392 2135 418 2176; x_wconf 91' lang='lat' dir='ltr'>ut</span> <span class='ocrx_word' id='word_1_201' title='bbox 434 2127 543 2190; x_wconf 78' lang='lat' dir='ltr'>Ingressis</span> <span class='ocrx_word' id='word_1_202' title='bbox 560 2127 640 2173; x_wconf 86' lang='lat' dir='ltr'>silvam</span> <span class='ocrx_word' id='word_1_203' title='bbox 656 2126 784 2189; x_wconf 72' lang='lat' dir='ltr'>legioniba</span> 
     </span>
     <span class='ocr_line' id='line_1_32' title="bbox 149 2193 294 2253; baseline 0.007 -15"><span class='ocrx_word' id='word_1_204' title='bbox 149 2198 218 2253; x_wconf 85' lang='lat' dir='ltr'>tergo</span> <span class='ocrx_word' id='word_1_205' title='bbox 228 2193 294 2241; x_wconf 78' lang='lat' dir='ltr'>soret.</span> 
     </span>
    </p>

    <p class='ocr_par' dir='ltr' id='par_1_6' title="bbox 143 2255 778 2713">
     <span class='ocr_line' id='line_1_33' title="bbox 186 2255 778 2321; baseline 0.002 -18"><span class='ocrx_word' id='word_1_206' title='bbox 186 2255 245 2321; x_wconf 71' lang='lat' dir='ltr'>XII.</span> <span class='ocrx_word' id='word_1_207' title='bbox 262 2258 327 2304; x_wconf 91' lang='lat' dir='ltr'>Nihil</span> <span class='ocrx_word' id='word_1_208' title='bbox 342 2273 372 2304; x_wconf 88' lang='lat' dir='ltr'>ex</span> <span class='ocrx_word' id='word_1_209' title='bbox 388 2258 422 2305; x_wconf 87' lang='lat' dir='ltr'>his</span> <span class='ocrx_word' id='word_1_210' title='bbox 439 2256 526 2306; x_wconf 80' lang='lat' dir='ltr'>Cresari</span> <span class='ocrx_word' id='word_1_211' title='bbox 544 2257 696 2320; x_wconf 81' lang='lat' dir='ltr'>incognitum:</span> <span class='ocrx_word' id='word_1_212' title='bbox 716 2257 778 2304; x_wconf 83' lang='lat' dir='ltr'>couri</span> 
     </span>
     <span class='ocr_line' id='line_1_34' title="bbox 152 2321 771 2383; baseline 0.002 -16"><span class='ocrx_word' id='word_1_213' title='bbox 152 2321 221 2376; x_wconf 88' lang='lat' dir='ltr'>locos,</span> <span class='ocrx_word' id='word_1_214' title='bbox 237 2329 331 2383; x_wconf 79' lang='lat' dir='ltr'>promtu,</span> <span class='ocrx_word' id='word_1_215' title='bbox 345 2322 433 2370; x_wconf 83' lang='lat' dir='ltr'>occulta</span> <span class='ocrx_word' id='word_1_216' title='bbox 443 2330 550 2379; x_wconf 78' lang='lat' dir='ltr'>novemt3</span> <span class='ocrx_word' id='word_1_217' title='bbox 566 2331 672 2382; x_wconf 88' lang='lat' dir='ltr'>astusque</span> <span class='ocrx_word' id='word_1_218' title='bbox 683 2322 771 2368; x_wconf 82' lang='lat' dir='ltr'>hostiur</span> 
     </span>
     <span class='ocr_line' id='line_1_35' title="bbox 153 2386 761 2448; baseline 0.005 -17"><span class='ocrx_word' id='word_1_219' title='bbox 153 2386 275 2446; x_wconf 85' lang='lat' dir='ltr'>perniciem</span> <span class='ocrx_word' id='word_1_220' title='bbox 286 2387 340 2448; x_wconf 85' lang='lat' dir='ltr'>ipsis</span> <span class='ocrx_word' id='word_1_221' title='bbox 351 2388 457 2434; x_wconf 75' lang='lat' dir='ltr'>vertebat.</span> <span class='ocrx_word' id='word_1_222' title='bbox 491 2388 543 2435; x_wconf 89' lang='lat' dir='ltr'>Seio</span> <span class='ocrx_word' id='word_1_223' title='bbox 558 2386 672 2433; x_wconf 86' lang='lat' dir='ltr'>Tuberoni</span> <span class='ocrx_word' id='word_1_224' title='bbox 683 2387 761 2448; x_wconf 79' lang='lat' dir='ltr'>legato</span> 
     </span>
     <span class='ocr_line' id='line_1_36' title="bbox 153 2450 760 2514; baseline 0.003 -18"><span class='ocrx_word' id='word_1_225' title='bbox 153 2450 187 2496; x_wconf 88' lang='lat' dir='ltr'>dit</span> <span class='ocrx_word' id='word_1_226' title='bbox 208 2451 307 2510; x_wconf 87' lang='lat' dir='ltr'>equitem</span> <span class='ocrx_word' id='word_1_227' title='bbox 329 2467 491 2513; x_wconf 77' lang='lat' dir='ltr'>campumquer</span> <span class='ocrx_word' id='word_1_228' title='bbox 516 2452 615 2514; x_wconf 87' lang='lat' dir='ltr'>peditum</span> <span class='ocrx_word' id='word_1_229' title='bbox 638 2452 707 2498; x_wconf 88' lang='lat' dir='ltr'>aciem</span> <span class='ocrx_word' id='word_1_230' title='bbox 730 2452 760 2498; x_wconf 88' lang='lat' dir='ltr'>ita</span> 
     </span>
     <span class='ocr_line' id='line_1_37' title="bbox 155 2515 753 2577; baseline 0.005 -18"><span class='ocrx_word' id='word_1_231' title='bbox 155 2515 244 2569; x_wconf 72' lang='lat' dir='ltr'>struxit,</span> <span class='ocrx_word' id='word_1_232' title='bbox 262 2522 288 2562; x_wconf 90' lang='lat' dir='ltr'>ut</span> <span class='ocrx_word' id='word_1_233' title='bbox 298 2530 349 2577; x_wconf 84' lang='lat' dir='ltr'>pars</span> <span class='ocrx_word' id='word_1_234' title='bbox 360 2532 425 2577; x_wconf 84' lang='lat' dir='ltr'>aequo</span> <span class='ocrx_word' id='word_1_235' title='bbox 436 2518 460 2562; x_wconf 89' lang='lat' dir='ltr'>io</span> <span class='ocrx_word' id='word_1_236' title='bbox 471 2518 550 2564; x_wconf 83' lang='lat' dir='ltr'>silvam</span> <span class='ocrx_word' id='word_1_237' title='bbox 561 2518 622 2563; x_wconf 84' lang='lat' dir='ltr'>aditu</span> <span class='ocrx_word' id='word_1_238' title='bbox 633 2516 753 2572; x_wconf 74' lang='lat' dir='ltr'>incederet,</span> 
     </span>
     <span class='ocr_line' id='line_1_38' title="bbox 148 2580 748 2643; baseline 0 -17"><span class='ocrx_word' id='word_1_239' title='bbox 148 2580 268 2640; x_wconf 81' lang='lat' dir='ltr'>objectum</span> <span class='ocrx_word' id='word_1_240' title='bbox 287 2595 394 2643; x_wconf 80' lang='lat' dir='ltr'>aggerem</span> <span class='ocrx_word' id='word_1_241' title='bbox 413 2582 547 2629; x_wconf 86' lang='lat' dir='ltr'>eniteretur:</span> <span class='ocrx_word' id='word_1_242' title='bbox 572 2582 632 2642; x_wconf 87' lang='lat' dir='ltr'>quod</span> <span class='ocrx_word' id='word_1_243' title='bbox 648 2581 748 2636; x_wconf 83' lang='lat' dir='ltr'>arduum,</span> 
     </span>
     <span class='ocr_line' id='line_1_39' title="bbox 143 2645 746 2713; baseline 0.007 -25"><span class='ocrx_word' id='word_1_244' title='bbox 143 2645 324 2710; x_wconf 77' lang='lat' dir='ltr'>caetemlegstis</span> <span class='ocrx_word' id='word_1_245' title='bbox 331 2648 445 2713; x_wconf 82' lang='lat' dir='ltr'>permisit.</span> <span class='ocrx_word' id='word_1_246' title='bbox 471 2647 562 2706; x_wconf 83' lang='lat' dir='ltr'>Quibus</span> <span class='ocrx_word' id='word_1_247' title='bbox 571 2648 641 2712; x_wconf 80' lang='lat' dir='ltr'>planu</span> <span class='ocrx_word' id='word_1_248' title='bbox 649 2661 746 2693; x_wconf 71' lang='lat' dir='ltr'>euenere</span> 
     </span>
    </p>
   </div>
   <div class='ocr_carea' id='block_1_4' title="bbox 94 2705 739 2789">
    <p class='ocr_par' dir='ltr' id='par_1_7' title="bbox 94 2705 739 2789">
     <span class='ocr_line' id='line_1_40' title="bbox 94 2705 739 2789; baseline 0.009 -38"><span class='ocrx_word' id='word_1_249' title='bbox 94 2720 97 2725; x_wconf 69' lang='grc'>’</span> <span class='ocrx_word' id='word_1_250' title='bbox 129 2705 323 2779; x_wconf 69' lang='lat' dir='ltr'>erier&#39;trrupdrer</span> <span class='ocrx_word' id='word_1_251' title='bbox 344 2717 586 2789; x_wconf 78' lang='lat' dir='ltr'>qubimpugoaudua</span> <span class='ocrx_word' id='word_1_252' title='bbox 594 2711 739 2779; x_wconf 72' lang='lat' dir='ltr'>agger,utsi</span> 
     </span>
    </p>
   </div>
   <div class='ocr_carea' id='block_1_5' title="bbox 0 0 865 2910">
    <p class='ocr_par' dir='ltr' id='par_1_8' title="bbox 0 0 865 2910">
     <span class='ocr_line' id='line_1_41' title="bbox 0 0 865 2910; baseline 0 0"><span class='ocrx_word' id='word_1_253' title='bbox 0 0 865 2910; x_wconf 95' lang='lat' dir='ltr'> </span> 
     </span>
    </p>
   </div>
  </div>
 </body>
</html>
