1680 2910
54 154 76 192 J.
85 155 112 194 c.
122 159 155 194 so.
203 150 396 201 ANNALIUM
414 150 642 201 Lautorum.
691 158 723 201 99

56 289 103 335 rut,
112 282 180 345 ruglo
189 284 286 345 mimum
296 282 483 346 populationibus,
494 291 518 331 et
528 284 557 330 ob
565 284 721 346 pernicitatem

56 347 220 405 inultisrdein
237 350 300 395 vicos
316 348 453 403 mododere,
470 349 559 395 trahere
568 363 721 410 gmvesprse·

57 412 112 460 dus:
131 420 253 473 postremo,
268 413 328 459 houd
337 412 414 475 plocul
427 411 515 474 Prgidt
525 411 625 467 flumine,
637 416 720 460 eohor-

56 483 104 524 tem
123 476 252 525 Rumonem
268 478 417 525 circumsedit.
450 478 551 525 Praeerut
565 478 659 525 castello
670 477 721 525 De·

56 544 124 596 emus,
136 542 234 605 impiger
244 557 320 597 monn,
335 543 447 590 exercitus
458 542 543 598 militii,
555 549 579 590 et
588 543 650 590 illum
661 544 722 590 obsi·

57 606 149 654 diooero
165 605 247 669 flugitii
264 614 332 655 retus.
366 606 391 654 is
402 609 532 654 cohortatus
541 607 631 663 milites,
646 615 671 655 ut
682 623 721 654 co-

57 672 118 734 pim
129 670 214 735 pugnes
225 673 249 719 lu
259 679 337 734 operto
346 672 453 728 lucerent,
461 673 532 719 uciem
542 688 584 734 pro
594 673 675 720 castris
685 673 722 718 iu-

57 737 136 783 struitr
153 737 271 799 primoque
279 737 366 798 impetu
375 736 441 800 pulsi
447 738 545 790 cohorte,
554 744 656 799 promtus
665 738 723 784 inter

57 801 216 849 mluoocursst
221 800 365 864 iurgientibus,
377 803 478 864 increpat
485 801 612 865 signiferos,
618 802 679 863 quod
686 803 722 848 io·

56 865 156 913 conditis
166 873 205 913 out
215 867 364 914 desertoribus
374 867 439 914 miles
447 867 565 914 Romanus
572 867 719 930 tergedomt:

58 930 127 978 n'snul
134 939 230 994 excepte
236 932 335 985 vulnero,
340 939 511 993 etqusmqusm
518 931 642 979 trunsfosso
649 931 722 987 oculo,

57 995 178 1043 aduersum
197 997 264 1043 osio
282 997 371 1044 hostem
390 997 500 1054 intendit3
525 1011 599 1058 neque
617 997 722 1060 proelium

57 1060 142 1115 omisit,
153 1061 232 1117 donec,
243 1059 343 1108 desertus
354 1062 407 1116 sols,
419 1062 517 1108 coderet.

56 1158 60 1167 1
90 1123 165 1172 XXI.
183 1125 244 1180 Qum
253 1134 372 1188 postquam
385 1125 522 1188 LAprouio
540 1127 605 1190 (nem
624 1123 722 1173 Camillo

57 1189 207 1251 successerat)
212 1198 343 1252 comperto;
355 1190 429 1254 mugio
436 1191 545 1238 dedecore
550 1205 649 1244 suorum,
656 1204 723 1251 quom

56 1252 132 1317 glutiti
142 1255 213 1302 hostis
223 1256 310 1310 sollus,
326 1272 377 1303 roro
393 1254 420 1302 cd
434 1263 568 1318 tempestate
579 1262 603 1302 ct
618 1271 633 1301 e
647 1262 724 1301 vetere

58 1319 170 1366 memorIi
184 1319 290 1376 iocinore,
310 1321 422 1369 decimum
440 1336 471 1382 qu
523 1336 552 1367 uc
566 1320 724 1382 ignominiose

60 1385 160 1432 cohortis
171 1393 232 1432 sorte
243 1385 322 1432 ductos
333 1385 386 1433 fusti
398 1393 471 1433 occet
526 1392 647 1446 nutumque
658 1399 723 1430 seve·

58 1449 127 1496 ritune
136 1448 269 1511 profectum,
281 1459 307 1496 ut
317 1451 425 1498 vexillum
436 1457 601 1503 veteranorum,
616 1465 663 1496 non
675 1463 723 1495 am·

58 1514 118 1577 plius
133 1515 252 1577 quingenti
263 1531 363 1570 numero,
377 1516 467 1563 eosdem
479 1515 627 1563 Tacfarinatis
641 1514 724 1576 copies,

57 1579 198 1642 presidium,
217 1580 254 1626 cui
269 1579 342 1628 Thslu
358 1596 448 1636 nomen,
467 1595 592 1644 aggressos,
609 1579 721 1625 fuderint:

57 1659 105 1705 quo
115 1644 198 1706 proelio
212 1643 288 1691 Rufus
306 1645 412 1700 Helvius,
426 1646 544 1708 gregarius
554 1645 626 1700 miles,
642 1644 724 1691 servuli

58 1709 116 1756 civis
126 1710 196 1757 decus
204 1710 280 1757 retulit
285 1727 293 1768 ;
310 1711 451 1772 donatumque
467 1716 502 1757 est
519 1711 546 1756 ab
563 1709 665 1773 Apronio
675 1716 724 1756 tor·

58 1775 140 1836 quibus
154 1782 179 1821 et
193 1774 265 1822 taut.
305 1773 384 1823 Caesnr
400 1775 483 1822 rddidlt
498 1775 593 1823 civicum
610 1789 724 1828 coronam,

55 1839 120 1899 quod
139 1855 187 1887 non
205 1854 256 1886 eom
270 1855 359 1902 quoque
377 1841 498 1903 Apronius,
509 1841 562 1902 jure
579 1838 725 1901 proconsulis,

56 1905 181 1959 tribuisset,
192 1912 285 1966 questus
295 1906 375 1967 mugio,
390 1920 457 1965 quom
469 1905 574 1951 ollensus.
609 1904 654 1950 Sed
664 1902 725 1951 Tuc-

57 1968 150 2024 fsrinos,
158 1969 266 2030 perculsis
275 1968 388 2024 Numidis,
400 1977 424 2016 et
438 1970 523 2016 obsidia
533 1969 724 2030 ndspernantibus,

60 2033 147 2096 sporgit
157 2033 254 2086 hellurus
272 2035 308 2081 obi
319 2035 446 2089 instruetur,
464 2035 552 2089 cedens,
564 2046 590 2080 oc
602 2047 690 2080 rursum
700 2033 725 2079 io

60 2105 126 2160 tergo
137 2113 250 2145 rerneuns:
270 2106 300 2154 et,
312 2099 365 2145 dum
373 2114 400 2146 ea
411 2101 468 2146 rotio
475 2100 568 2146 bnrbsro
576 2098 625 2153 fuit,
637 2098 725 2144 irritum
741 2157 744 2161 .

58 2162 190 2224 fessumque
209 2162 339 2210 Romanum
358 2164 450 2226 impune
471 2163 634 2210 ludificabaturr
661 2169 724 2224 post·

59 2242 127 2289 quum
143 2226 236 2275 deflexit
252 2229 281 2275 od
296 2229 420 2277 maritimos
436 2229 506 2285 locos,
525 2228 625 2291 illigatus
641 2225 729 2289 praedi,·
781 2250 789 2285 ς

59 2292 150 2340 stativis
171 2293 250 2340 cestris
269 2293 409 2341 udhterebot:
434 2295 504 2341 missu
521 2294 590 2356 putris
609 2293 726 2356 Apronius
791 2342 794 2347 ,

60 2355 187 2413 Curianus,
204 2372 256 2404 cum
272 2359 347 2420 equite
358 2366 381 2405 et
392 2360 520 2406 cohortium
535 2359 663 2414 auxiliariis,
674 2355 726 2418 quis

58 2422 215 2471 velocissimos
233 2425 348 2486 legionum
364 2425 484 2478 addiderat,
497 2439 626 2487 prosperam
645 2423 725 2470 udver·

60 2502 110 2535 surm
121 2486 234 2535 Numidas
244 2504 344 2550 pugnam
354 2488 414 2546 lucit,
425 2490 532 2552 pellitque
539 2490 562 2535 in
574 2490 669 2535 deserta.

93 2550 182 2599 XXII.
197 2553 231 2600 At
241 2554 325 2603 Romae
336 2553 433 2620 Lepido,
444 2556 490 2614 cui,
505 2571 573 2621 super
588 2553 743 2602 Nummorum

54 2617 128 2670 dewi»
140 2615 170 2663 L.
178 2617 242 2666 Sulla
253 2636 283 2669 ac
294 2615 758 2692 cn.1³0mpetuspmeoersontetu·

39 2685 90 2747 tuo¹
105 2680 253 2735 consuere
267 2697 367 2756 partum
379 2709 415 2745 ex
435 2687 779 2753 responderuntque
