1680 2910
75 154 97 194 J.
105 155 132 194 c.
143 156 177 194 at.
228 147 421 197 ANNALIUM
432 147 485 196 Lss.
496 146 612 198 VLCae.
625 153 664 196 21.
698 155 745 202 199

74 296 161 338 eorum,
182 277 226 329 Cn.
237 280 341 344 Magnus
351 281 410 328 inter
420 280 512 328 intimos
523 281 657 329 habuisset:v
668 283 740 343 quod·

73 361 120 407 que
140 345 248 394 defuncto
263 342 523 409 -Tbeopbsni-coelestes
541 347 638 394 bonores
658 347 742 396 Graeca

74 411 174 458 adulatio
183 413 298 459 tribuerat.

110 474 184 524 XIX.
201 474 330 538 Postquos
341 475 403 524 Sex.
417 475 513 531 Marius,
532 474 694 538 Hispaniarum
706 478 740 525 di·

74 542 183 596 tissimus,
203 540 311 589 deferturv
319 538 440 588 incestrisse
450 539 526 595 filiam,
541 548 566 588 et
576 556 631 588 saxo
641 541 740 604 Tarpeio

74 607 185 669 dejicitur.
217 608 261 662 Ac,
279 621 309 653 ne
320 606 410 652 dubium
421 605 545 660 haberetur,
560 608 740 668 magnitudinem

74 673 179 733 pecuniae
189 672 249 718 malo
257 671 361 724 -vertisse,
377 671 475 717 aurarias
481 671 535 732 ejus,
553 686 687 731 quamquam
696 688 739 734 pu-

73 737 217 791 blicarentur,
238 736 325 783 sibimet
336 734 440 782 'liberius
451 736 557 796 seposuit.
591 734 741 798 Imitatusque

74 800 197 863 suppliciis,
208 808 309 856 cunctos,
320 801 358 861 qui
374 815 463 847 carcere
473 801 629 856 attinebantur,
642 802 739 850 accusati

74 867 189 913 societatis
200 881 251 912 cum
264 866 355 927 SeJ'ano,
366 865 442 916 necari
444 865 516 927 jubet.
542 863 619 912 Jacuit
630 867 741 914 immensa

73 938 177 993 strages:
198 931 271 978 omnis
282 945 357 985 sexus,
377 931 450 978 omnis
461 937 531 976 aetas:
550 929 654 984 illustres,
671 932 739 992 igno·

72 995 136 1050 biles,
153 995 252 1057 dispersi,
270 1003 309 1042 aut
327 995 443 1057 aggerati:
463 1009 535 1055 neque
552 996 682 1057 propinquis
701 1002 740 1042 aut
814 1017 817 1027 s

74 1060 154 1108 amicis
164 1061 274 1114 assistere,
294 1060 441 1120 illacrymare,
457 1074 487 1105 ne
505 1059 578 1106 visere
588 1060 677 1119 quidem
689 1061 739 1108 diu·

72 1126 125 1180 tius,
138 1125 246 1182 dabatur;
263 1124 304 1172 scd
315 1124 451 1186 circumjecti
464 1123 574 1178 custodes,
586 1131 609 1171 et
620 1124 642 1170 in
654 1139 739 1172 moero·

72 1204 123 1236 rem
134 1191 241 1252 cujusque
251 1190 339 1244 intenti,
360 1203 454 1250 corpora
463 1188 587 1250 putrefacta
598 1191 739 1236 assectaban-

71 1263 117 1310 tur,
130 1255 182 1301 dum
199 1256 222 1300 in
234 1253 334 1301 Tiberim
346 1255 488 1300 traherentur
495 1270 503 1310 5
521 1254 559 1300 ubi
569 1252 687 1308 fluitantia,
699 1262 739 1302 aut

71 1321 126 1381 ripis
137 1319 234 1381 appulsa,
246 1335 295 1366 non
303 1320 402 1366 cremare
410 1319 533 1379 quisquam,
541 1333 588 1365 non
599 1318 738 1380 contingere.

71 1383 222 1432 Interciderat
239 1385 305 1431 sortis
322 1385 428 1431 bumanae
443 1385 602 1430 commercium
613 1384 637 1429 vi
647 1383 737 1432 mettis:

71 1456 227 1511 quantumque
238 1449 324 1497 saevitia
335 1450 446 1510 glisceret,
458 1449 571 1494 miseratio
582 1449 704 1495 arcebatur.

105 1513 165 1561 XX.
184 1515 230 1561 Sub
240 1514 299 1560 idem
310 1521 399 1576 tempus
411 1512 439 1561 C.
449 1512 535 1570 Caesar,
555 1513 677 1560 discedenti
690 1512 737 1562 Ca-

70 1594 139 1642 preas
149 1594 192 1626 avo
204 1594 286 1632 comes,
299 1576 424 1632 Claudiam,
443 1576 480 1624 M.
489 1578 559 1624 Silani
571 1577 645 1633 liliam,
658 1581 737 1642 conju,-

69 1644 111 1707 gio
123 1645 224 1706 accepit;
241 1644 362 1690 immanem
371 1644 470 1693 animum
481 1640 574 1689 subdolis
581 1643 692 1690 modestia
703 1652 738 1692 te-

69 1724 137 1772 gens,
154 1724 201 1755 non
217 1709 359 1755 damnatione
377 1709 461 1762 matris,
481 1723 527 1754 non
539 1708 625 1755 exsilio
641 1700 737 1757 frdtrum

69 1771 137 1837 rupti
155 1789 228 1831 voce3
252 1773 341 1834 qualem
357 1772 415 1819 diem
434 1772 538 1819 'liberius
556 1773 672 1829 induisset,
688 1776 737 1836 pari

68 1839 154 1893 habitu,
166 1839 328 1885 baudmultum
341 1838 474 1884 distantibus
487 1837 568 1884 verbis.
588 1837 671 1885 ,Unde
682 1855 737 1886 mox

68 1905 152 1951 scitum
168 1902 270 1950 Passieni
281 1903 375 1950 oratoris
391 1903 476 1950 dictum
493 1903 633 1964 percrebuit:
653 1902 737 1966 Neque

68 1968 188 2014 meliorem
198 1983 297 2028 unquam
309 1983 407 2022 servum,
426 1983 505 2028 neque·
518 1967 650 2014 deteriorem
663 1969 735 2016 domi-

68 2047 125 2080 num
136 2031 213 2080 finisse.
245 2032 300 2079 Non
319 2034 432 2080 omiserim
450 2033 585 2094 presagium
600 2031 691 2088 Tiberii,
709 2034 738 2080 de

68 2097 120 2146 Ser.
134 2095 215 2152 Galba,
226 2104 275 2144 turn
288 2098 393 2144 consule:
413 2112 480 2158 quem
491 2098 596 2150 accitum,
607 2103 630 2144 et
641 2087 745 2145 diversis.

67 2163 210 2210 sermonibus
220 2168 378 2224 pertentatum,
396 2169 511 2224 postremo
528 2161 617 2208 Graecis
626 2163 701 2209 verbis
711 2162 736 2210 in

67 2229 128 2274 banc
139 2227 273 2274 sententiam
284 2227 401 2282 allocutus,
411 2226 463 2274 “Et
474 2235 505 2281 tu,
516 2227 595 2281 Galba,
603 2227 737 2288 quandoque

67 2293 198 2354 degustabis
219 2291 362 2355 imperium,'’
382 2307 454 2340 seram
466 2306 492 2338 ac
509 2292 600 2339 brevem
611 2293 735 2354 potentiam

67 2355 206 2419 significans,
226 2356 320 2404 scientiis
338 2356 497 2406 Cbaldaeorum
516 2357 578 2413 artis,
597 2357 660 2419 cujus
675 2358 735 2419 apis·

66 2422 147 2468 cendae
158 2422 229 2468 otium
241 2423 299 2484 apud
310 2421 425 2476 Rbodum,
445 2421 578 2483 magistrum
589 2419 735 2482 Thrasyllum

66 2487 152 2541 babuit,
163 2488 265 2548 peritiam
278 2488 325 2549 ejus
336 2489 379 2533 hoc
390 2487 457 2533 modo
468 2494 594 2547 expertus..
646 2494 649 2500 ’

99 2549 174 2598 XXI.
185 2551 282 2606 Quoties
293 2552 409 2614 super-tali
420 2552 513 2615 negotio
524 2551 677 2603 consultaret,
682 2549 751 2595 ebais

63 2615 145 2662 domus
152 2624 219 2678 parte
229 2633 257 2665 nc
266 2617 342 2666 liberti
354 2619 424 2668 unius
433 2614 583 2668 consciendi
590 2616 714 2660 urebatur.
721 2607 771 2655 hs

49 2678 169 2756 limum
180 2683 287 2746 Quotus,
296 2701 401 2753 corpore
410 2686 503 2747 ualido,
510 2696 559 2751 per
569 2680 633 2731 ania
640 2692 672 2724 ae
680 2672 793 2725 beaw*
