1680 2910
80 382 180 424 non.
255 376 309 426 Lu.
320 334 586 427 minantium.
700 384 746 433 271

79 511 139 566 lieia,
156 516 183 558 ut
192 508 347 566 Mithridates,
366 523 475 572 amagno
486 507 620 571 Mithridate
630 511 746 569 oriundus,

77 575 183 638 Bosporo
194 575 321 622 dannetur.
357 573 391 621 At
403 582 428 621 ut
438 575 531 637 egregia
541 574 652 637 Agrippae
662 576 744 634 officia,

76 643 109 689 ita
116 641 215 688 maxima
223 638 267 686 luit
277 641 358 702 gratia.
377 639 432 686 Non
444 640 511 686 modo
521 638 653 688 confirmata
663 657 743 704 regna,

76 720 131 767 quae
138 707 187 769 jam
198 717 322 766 acceperat,
333 704 415 752 additae
425 704 498 751 adhuc
508 703 591 752 Judaea
600 711 625 752 et
635 705 744 755 Samaria.
762 720 765 724 ·

77 770 109 820 Ei
128 785 219 832 quoque
237 770 327 816 decreta
344 769 471 816 consularia
486 770 590 831 insignia,
608 769 671 818 fratri
693 774 743 838 ejus

76 834 168 884 Herodi
177 835 297 898 praetnria:
316 834 432 894 multaque
441 833 529 882 Judteia
538 834 632 882 indulta.

110 898 234 964 [Eandem
245 899 373 959 aequitatem
389 907 489 960 erpertae
507 899 580 954 urben
596 900 677 960 quibus
692 908 740 949 sta·

76 973 128 1014 tuas
146 963 229 1014 aceio
247 964 331 1011 ablatas
349 964 452 1010 restituit.
485 963 569 1024 Neque
584 979 653 1027 opum
671 980 740 1028 appe·

74 1037 134 1086 tens,
153 1031 226 1078 vetuit
237 1045 266 1076 ne
276 1030 332 1090 quis,
350 1030 369 1075 si
380 1035 491 1090 cognatos
506 1030 605 1083 heberet
624 1026 740 1078 cesarem

75 1097 184 1145 scriberet
194 1095 314 1155 baeredem.
346 1093 456 1148 Demum,
470 1094 531 1153 quod
541 1094 565 1140 in
579 1107 640 1140 novo
654 1095 739 1155 princi·

75 1169 131 1225 patu
142 1161 305 1214 difficillimum,
319 1159 435 1222 abruptam
446 1158 588 1213 severitatem
598 1159 658 1205 inter
668 1165 692 1206 et
703 1161 739 1207 ni·

75 1228 146 1275 mium
163 1224 294 1273 facilitatem
307 1230 484 1286 temperamento
503 1237 564 1278 usus,
583 1224 645 1270 varia
663 1225 739 1271 sanxit

75 1293 157 1353 quibus
165 1291 271 1338 sanctitas
281 1291 368 1352 legum,
375 1290 459 1335 civium
467 1287 622 1350 tranquillitas,
634 1287 738 1337 ludorum

74 1357 201 1405 moderatio
214 1355 372 1405 adstrueretis.
405 1352 460 1417 Ipse
478 1351 621 1400 observantid
639 1354 663 1400 in
682 1369 737 1402 con·

75 1424 143 1478 aulea,
157 1420 296 1483 benignitate
309 1434 365 1482 erga
375 1434 461 1474 omnes,
476 1419 558 1481 ingens
568 1419 685 1467 modestiae
695 1434 738 1468 ex·

73 1501 110 1535 em
126 1487 174 1532 lum
186 1485 253 1533 simul
263 1492 286 1532 et
296 1486 473 1532 incitamentum.

122 1551 189 1599 Laeta
198 1550 288 1612 quidem
298 1550 368 1604 initia,
380 1549 419 1596 sed
433 1549 478 1596 oito
489 1556 594 1611 corrupta
604 1547 738 1598 Messalinus

73 1616 207 1672 libidinibus,
234 1611 353 1663 insolentii
373 1615 510 1669 libertorum,
539 1613 619 1660 hebete
643 1613 738 1676 ingenio

73 1682 187 1745 principis,
202 1681 240 1741 qui
251 1678 330 1727 natur⁴a
339 1679 456 1734 invalidus,
468 1677 580 1726 serviliter
588 1678 692 1737 eductus,
708 1679 737 1725 li-

73 1748 167 1795 teratior
181 1747 308 1806 mitiorque,
327 1760 393 1805 quana
404 1744 526 1806 prinoipem
538 1743 657 1791 mediocris
667 1743 737 1791 animi

74 1813 146 1866 decet,
161 1826 232 1874 pauca
241 1826 282 1874 pro
293 1811 383 1857 arbitrio
394 1819 418 1856 et
428 1811 545 1872 mqjentate
555 1809 647 1871 imperii,
662 1808 738 1871 plera·

73 1893 119 1939 que
129 1877 202 1924 alieno
212 1876 316 1937 impulsu,
326 1875 466 1937 praecipitive
476 1880 538 1922 metu
549 1881 589 1920 aut
600 1874 686 1936 impetu
697 1890 736 1922 ac·

73 1943 161 1990 titavit:
184 1941 359 1988 dominationem
373 1940 414 1987 vix
429 1946 565 1995 retenturus,
583 1940 606 1986 ni
622 1939 683 1988 mole
695 1939 737 1988 sud

71 2007 207 2070 aliquamdiu
223 2013 309 2053 starent
322 2019 406 2067 magna
418 2005 528 2066 imperia3
544 2004 658 2066 legatique
669 2020 735 2054 exer·

72 2074 158 2120 rituum
169 2072 264 2125 obvium,
277 2071 316 2118 sed
332 2077 427 2133 turpem,
438 2068 552 2117 fortunam
562 2069 677 2118 illustriori
694 2072 735 2120 ob-

72 2140 150 2199 sequio
160 2137 346 2199 postposuissem.

106 2203 171 2265 [Hos
187 2204 246 2249 inter
261 2203 356 2248 eminuit
374 2201 488 2263 Sulpicius
504 2199 584 2255 Galba,
604 2200 736 2248 Germaniae

71 2269 192 2332 superioris
202 2270 299 2329 legatus.
321 2266 388 2313 Licet
398 2267 427 2313 ad
438 2281 499 2313 nova
508 2280 641 2326 summaque
650 2281 664 2313 a
674 2266 735 2312 mul·

34 2370 40 2378 .
70 2334 101 2381 tis
112 2334 245 2388 stimulatus,
263 2332 330 2380 officii
349 2339 455 2378 constans
470 2331 550 2377 maluit
559 2330 678 2392 imperium
694 2330 734 2387 de·

69 2398 169 2453 tendere,
181 2412 247 2458 quam
259 2411 383 2458 usurpare3
401 2394 525 2457 Cattosque
543 2395 631 2450 devicit,
650 2394 696 2442 fide
710 2402 736 2443 et

69 2462 168 2511 victorii
174 2464 276 2510 intimam
287 2462 394 2524 principis
403 2461 582 2508 benevolentiam
593 2460 736 2522 promeritus.

71 2527 159 2576 Laudis
180 2528 282 2583 aemulus,
300 2526 328 2574 P.
346 2527 463 2582 Gabinius,
484 2525 614 2573 Germaniae
635 2524 736 2573 inferiori

69 2593 196 2657 praefectus,
209 2591 314 2642 Chaiicos
324 2591 450 2639 debellavit.
483 2591 559 2638 Aucta
569 2589 655 2645 laetitia,
667 2590 735 2651 quod,

69 2673 123 2721 quae
133 2659 181 2707 sola
188 2657 247 2720 apud
257 2658 333 2704 hostes
341 2664 461 2719 supererat,
470 2664 557 2719 captum
564 2652 664 2702 Variani
671 2655 736 2703 clade

68 2723 168 2787 legionis
182 2723 279 2784 aquilam
290 2723 413 2784 reportavit
419 2738 427 2779 ς
444 2722 541 2782 indeque
552 2718 667 2769 Chailcius
678 2735 734 2781 eog-

68 2788 267 2861 nomenqbtinuit
300 2786 412 2852 Princeps
421 2802 488 2846 uero,
495 2785 655 2850 uenenorum
664 2782 752 2838 gaude

59 2853 135 2900 lorum
147 2867 202 2900 em·
222 2890 225 2893 a
256 2853 286 2903 ob
297 2861 376 2905 utram
392 2871 424 2904 ue
436 2847 720 2907 victoriandi-mnarum
729 2852 773 2883 w
