1680 2910
54 125 74 163 J.
85 127 109 164 c.
120 130 152 165 ³1.
236 122 289 171 Lra.
300 122 331 172 V.
349 123 547 171 ANNALIUM.
675 127 722 173 trs

56 268 153 317 magnas
163 269 215 317 spes
234 269 287 301 casu
303 269 332 301 an
352 255 445 301 consilio
460 263 534 317 patrea
549 251 653 301 erexere:
674 256 723 317 qjuq

55 319 117 364 enirn
129 317 207 367 favore
226 328 249 365 et
267 316 365 367 Caesaris
383 320 453 365 literis
471 320 573 381 parmoti,
589 319 643 380 quid
657 334 720 367 sum·

55 396 119 430 mum
131 384 154 431 in
165 384 292 431 adulatione
299 384 395 438 valeant,
405 384 539 432 consultant.
572 384 653 431 Visum
660 399 721 447 pres·

52 447 183 513 cedentem,
200 449 239 497 sed
253 450 352 504 brevem,
370 464 419 496 ease
430 449 559 497 consulatis
572 449 719 513 dignitatemr

55 512 247 561 consultissimum
258 513 313 568 fore,
330 514 349 561 si
359 521 523 579 prorogaretur.
542 511 667 561 Decretum
679 515 723 563 ita·

56 592 101 643 qne
112 575 229 626 Cesarem
244 594 270 626 ac
281 578 387 641 sejanum
398 594 439 642 per
453 580 628 640 quinquennium
640 594 723 627 consu·

54 641 127 690 latum
138 645 321 701 continuatums3
339 651 362 690 et
377 644 411 696 iia,
430 659 482 690 curn
498 643 596 690 Romam
607 645 724 703 intrarent,

57 715 174 757 senatores
195 709 283 755 obviarn
305 723 456 769 processuros.
496 708 608 772 Sejauum,
631 709 724 759 honoris

56 785 180 826 recentem,
199 782 223 820 et
239 773 328 820 excelsa
343 773 486 835 pedetentim,
506 789 550 820 non
570 774 659 826 cursim,
677 774 724 837 peti

57 837 167 892 umcium,
179 837 278 885 obcaeeat
288 838 403 899 dignitatis
414 838 553 893 diuturnitas,
571 839 676 901 principis
686 854 723 887 se·

56 908 140 965 nects3
153 903 247 965 jamque
257 917 366 950 summam
377 918 440 965 spem
450 903 559 965 praecipit.

92 963 139 1031 [At
150 967 185 1014 ubi
197 967 428 1015 senatis-consultum
440 967 468 1013 ad
479 965 594 1016 Caesarem
605 967 722 1030 perlatum,

58 1038 169 1093 quantum
181 1047 194 1079 e
205 1030 318 1094 republicis
335 1039 447 1094 peteretur
464 1032 587 1094 persensit:
607 1048 636 1078 ne
646 1041 723 1095 tamesi

58 1096 204 1144 a'rnbitionem
222 1105 261 1144 aut
270 1096 377 1143 facilitate
387 1103 527 1158 provocaret,
544 1103 583 1143 aut
593 1096 681 1158 repulsi
691 1098 723 1144 ir-

59 1161 145 1216 ritaret,
158 1161 277 1224 rescripsit,
294 1163 317 1208 in
326 1163 367 1207 hac
378 1161 512 1224 optimorum
525 1171 654 1208 senatorum
664 1162 724 1209 mul·

58 1224 163 1282 titudine,
181 1226 268 1288 imperii
278 1225 430 1289 amplitudine,
449 1225 559 1288 sapienter
578 1227 726 1288 amqjoribus

57 1293 182 1353 provisum,
200 1298 226 1339 ut
244 1306 273 1338 ne
287 1305 375 1337 annuus
392 1290 481 1351 quidem
499 1296 560 1337 esset
576 1291 722 1337 consulatuar

58 1348 219 1418 quinquennali
236 1355 345 1419 dignitate
362 1355 466 1417 egregios
483 1355 544 1401 viros
559 1355 649 1401 virtutis
664 1370 724 1416 pras-

58 1421 113 1483 mio,
125 1420 252 1483 provincias
260 1420 382 1467 rectoribus
390 1419 485 1482 privari:
505 1418 665 1466 consulendum
677 1434 724 1467 non

58 1485 115 1548 quid
126 1485 173 1542 sibi,
185 1485 237 1546 quid
253 1499 294 1531 suo
307 1485 388 1547 Sejauo
407 1484 437 1531 sit
453 1482 651 1541 honorificentiam
668 1486 726 1533 utri·

58 1565 105 1612 que
116 1549 274 1613 rempublicam
285 1549 350 1597 laude
360 1547 401 1596 sni
413 1549 522 1611 potiorem
534 1564 591 1596 esse.
624 1547 671 1595 Hic
684 1547 727 1599 Se.-

53 1616 113 1679 jano
134 1613 225 1669 favoris,
244 1621 279 1660 tot
298 1615 416 1661 sceleribus
435 1615 511 1676 parati,
530 1612 595 1660 finis:
615 1613 729 1677 declinare
818 1618 821 1622 ’

59 1695 75 1733 c
113 1679 147 1736 it3
164 1686 228 1728 tanto
238 1679 317 1725 citiore
327 1679 396 1740 lapsu.
407 1687 491 1739 quanto
502 1678 587 1733 altiore,
604 1672 719 1739 ruiturus.⁷

109 1743 201 1801 Suffecti
213 1741 264 1788 Vll
277 1742 331 1790 Idus
343 1742 400 1791 Maii
412 1742 515 1791 consules
531 1741 651 1792 Cornelius
663 1744 727 1805 Sulla

60 1814 86 1856 et
97 1807 212 1874 Sertidius
229 1805 364 1856 Catullinus.
398 1808 499 1871 Sejanus,
515 1809 552 1855 uel
568 1807 636 1855 exuti
652 1809 727 1872 digni·

61 1874 118 1928 t'ate,
137 1871 238 1935 potentii
255 1873 314 1921 baud
330 1874 401 1934 impar
416 1873 515 1936 principi,
532 1873 555 1920 id
571 1874 668 1920 maxime
680 1881 726 1931 sat-

61 1938 118 2002 egit,
133 1945 159 1984 ut
173 1934 271 2000 Capreas
284 1945 401 2001 repeteret,
421 1953 497 1985 senem
516 1939 599 1985 certius
614 1938 728 1999 obsequiis

62 2002 218 2060 devincturus,
229 2003 266 2051 vel
282 2003 376 2059 facilins,
394 2002 517 2050 sisncultaa
528 2003 623 2058 daretur,
635 2017 728 2065 oppres·

59 2082 144 2123 euruss
163 2067 266 2115 morbum
284 2067 365 2123 Liviae,
377 2069 504 2115 diuturnam
515 2068 643 2120 munnam,
661 2081 728 2115 suurn

58 2128 85 2195 i'n
106 2129 222 2181 centem
240 2133 339 2180 studium
359 2134 465 2183 obtendit
499 2129 608 2180 Callidior
623 2128 729 2180 Tiberius

61 2197 148 2244 urbana
165 2197 262 2260 negotis,
280 2213 346 2245 suum
361 2213 390 2245 ue
408 2197 505 2244 Romam
524 2198 619 2242 reditum
636 2196 727 2258 objicits

61 2275 119 2323 spor
130 2261 188 2309 datis
202 2262 231 2309 ad
240 2213 430 2316 senatumiiterie,
448 2261 554 2325 ὂψομαι
572 2260 660 2321 oblique
676 2275 730 2323 per·

62 2326 117 2375 stri‘
140 2327 145 2338 '
184 2326 220 2373 vel
235 2327 345 2375 laudando
356 2327 449 2381 modice,
465 2326 503 2373 vel
517 2325 617 2387 maligne
628 2325 729 2373 silendos

63 2391 116 2440 dein
133 2407 153 2447 e,
170 2397 196 2437 nt
211 2407 294 2455 pronos
311 2391 340 2438 ad
357 2405 416 2438 nora
432 2391 519 2453 animos
532 2391 611 2439 incitet
625 2390 693 2439 simul
704 2403 732 2439 ao

62 2456 170 2511 retardet,
181 2457 249 2505 modo
261 2472 292 2512 se,
303 2455 368 2517 annia
378 2463 403 2503 et
413 2457 491 2503 morbo
501 2471 601 2518 gravem,
613 2457 636 2502 in
648 2455 732 2517 priuci-

63 2521 153 2585 palibus
163 2522 283 2585 curisopis
294 2521 395 2582 alienae'
427 2521 433 2575 ,“
501 2521 598 2579 simulat,
614 2520 682 2569 modo
699 2533 738 2578 se,

64 2585 158 2647 ret'ecp's
175 2587 265 2647 viribus,
284 2593 308 2635 et
346 2640 349 2645 ,
432 2642 436 2649 ,
461 2587 608 2651 udetud'sue,
619 2582 754 2648 ambit·
