1680 2910
18 160 21 167 .
68 129 89 167 J.
99 129 124 167 C.
134 131 166 165 33.
215 120 408 170 ANNALIUM
421 122 473 169 Lus
483 120 529 168 VI.
542 122 601 171 Car.
610 128 647 171 28.
690 130 736 172 203

67 253 163 306 desiere,
173 255 213 317 jus
223 254 310 310 valuit;
327 255 442 316 petitaque
456 254 585 301 criminibus
597 255 656 301 haud
668 257 735 317 igno·

67 324 104 376 tis,
125 318 168 367 suit
184 334 260 374 mauu,
280 334 330 366 sera
340 319 414 381 magis
429 335 496 380 quarn
507 319 618 367 immerita
629 321 738 384 supplicia

96 385 184 432 rsolvit.

65 402 215 498 peIIIIVII.
231 448 278 496 Tot
289 449 385 496 luctibus
395 447 486 496 funestd
496 449 594 502 civitate,
611 465 664 512 pars
675 465 734 498 mur·

66 516 125 562 roris
135 513 185 568 luit,
197 515 257 576 quod
268 513 337 567 Iulia,
356 514 429 560 Drusi
436 513 491 626 plia,
509 515 622 575 quondam
634 515 735 564 Neronls

66 596 133 634 uxor,
153 579 258 642 denupsit
279 581 302 625 in
322 580 414 625 domum
461 579 535 626 ubellii
557 578 647 635 Blandi,
670 583 734 644 quua

66 660 143 700 avum,
164 643 290 699 Tiburtem,
309 644 408 704 equitem
426 643 563 697 Romanum,
574 645 674 706 plerique
685 661 733 693 me·

66 712 188 763 minerant,
221 709 333 756 Extremo
352 711 404 756 anni
422 725 484 756 mors
507 709 564 756 AElli
589 709 677 757 Lamiae
695 711 732 757 iu·

66 791 123 822 nore
137 768 245 822 'censano
260 775 376 828 celebrata,
396 775 440 833 qui,
459 775 641 821 administrandae
661 776 735 837 Syriae

66 840 168 904 imagine
179 834 274 885 tandem'
281 839 404 893 exsolutus,
418 839 475 886 Urbi
491 834 618 901 p‘raefuerat.
653 841 734 888 Genua

66 906 101 952 illi
112 906 218 951 decorum
228 920 235 961 ;
253 904 328 951 vivida
339 912 459 961 senectua;
471 911 494 950 et
505 919 550 951 non
561 905 670 965 permissa
680 921 733 968 pro-

65 971 142 1017 vincia
153 969 306 1032 dignationem
317 968 438 1016 addiderat.
470 968 539 1023 Exin,
558 967 641 1016 Flacco
661 969 731 1017 Pom·

65 1036 136 1100 ponio
149 1035 221 1096 Syriae
229 1041 367 1096 propraetore
377 1033 490 1088 defuncto,
502 1033 623 1080 recitantur
635 1034 734 1085 Caesaris

65 1101 148 1153 iiterae,
166 1100 215 1160 quis
226 1099 346 1153 incusabat,
359 1099 476 1160 egregium
487 1114 604 1159 quemque,
616 1107 639 1146 et
650 1116 731 1162 regen·

66 1166 102 1213 dis
113 1165 247 1212 exercitibus
263 1164 375 1217 idoneum,
393 1164 491 1213 abnuere
508 1164 530 1210 id
547 1178 644 1211 munus:
664 1180 733 1226 seque

67 1230 95 1277 ed
106 1229 269 1276 necessitudine
277 1229 305 1274 ad
312 1243 390 1290 preces
398 1229 457 1290 cogi,
468 1244 509 1290 per
514 1244 570 1290 quas
581 1230 731 1276 consularium

65 1295 136 1355 aliqui
148 1309 264 1357 capessere
274 1293 401 1355 provincias
411 1294 555 1356 adigerentur
564 1310 572 1349 ς
592 1293 672 1340 oblitus
684 1294 730 1342 Ar·

66 1361 175 1414 euntium,
196 1375 225 1406 ne
242 1359 265 1409 in
279 1358 412 1420 Hispaniam
428 1367 539 1421 pergeret,
558 1359 668 1406 decimum
682 1359 731 1422 jam

61 1440 153 1474 annum
164 1425 260 1480 attineri.
294 1423 356 1471 Obiit
372 1425 451 1471 eodem
465 1439 525 1471 anno
544 1429 567 1470 et
579 1422 614 1470 Μ.
624 1423 731 1486 Lepidus,

67 1489 98 1537 dc
109 1491 174 1552 cujus
189 1489 340 1536 moderatioris
351 1495 419 1550 atque
430 1487 539 1550 sapientiai
549 1489 573 1534 in
583 1489 693 1551 prioribus
702 1490 731 1536 li·

66 1557 114 1603 bris
134 1555 188 1601 satia
198 1554 319 1601 collocavi:
339 1569 413 1614 neque
424 1554 528 1609 nobilitas
541 1554 623 1600 diutius
639 1554 733 1602 demon·

66 1619 160 1668 suenda
176 1626 225 1665 est:
244 1620 326 1681 quippe
340 1619 459 1665 AEmilium
470 1634 544 1680 genua
557 1618 678 1666 fecundum
690 1621 731 1666 bo·

66 1699 149 1732 norum
161 1685 250 1737 civium,
262 1691 285 1730 et
296 1685 334 1743 qui
345 1682 424 1730 eidem
434 1682 524 1739 familii,
540 1685 650 1747 corruptis
661 1686 730 1732 mori·

66 1752 116 1803 bus,
128 1749 209 1795 illustri
220 1757 295 1795 tamen
306 1747 397 1794 fortuna
407 1745 483 1810 egere.

100 1811 226 1860 XXVIII.
244 1813 316 1860 Paulo
335 1811 411 1868 Fablo,
434 1811 569 1863 Inffitellio
603 1845 628 1894 U
640 1845 662 1895 c

66 1877 142 1934 coo,
148 1885 200 1941 post
208 1879 300 1939 longum
313 1878 445 1941 saeculorum
454 1879 569 1932 ambitum,
613 1881 635 1960 J'
643 1883 668 1960 c·
677 1849 732 1960 ξεί·

64 1946 115 1995 auis
131 1944 225 2006 phoenix
242 1945 265 1988 in
281 1942 410 2005 AEgypturn
423 1944 493 1996 venit,
510 1958 568 2005 prae-
629 1946 635 1960 ⁸
665 1947 671 1960 “
714 1946 720 1960 “

65 2010 159 2069 buitque
169 2008 286 2055 materiem
297 2008 431 2055 doctissimis
438 2008 594 2070 indigenarum
603 2017 626 2056 et
634 2009 730 2059 Greco-

65 2089 124 2130 rum,
141 2073 213 2119 multu
223 2088 290 2134 super
301 2089 328 2119 eo
339 2073 446 2120 miraculo
458 2073 592 2120 disserendi:
612 2075 731 2135 dequibus
746 2123 749 2128 ,

64 2139 322 2265 intinniit
340 2139 452 2250 ”ilii
466 2138 732 2258 distillat&

63 2285 91 2316 ac
110 2269 217 2315 distinctu
235 2269 354 2330 pinnarum
373 2283 386 2315 a
405 2269 493 2314 coeteris
511 2269 589 2317 avibus
608 2269 730 2326 diversum,

63 2334 217 2386 consentiunt,
229 2335 266 2395 qui
277 2333 371 2380 somnam
383 2335 432 2397 ejus
442 2331 556 2380 definiere·
587 2332 627 2381 De
635 2350 730 2383 numero

63 2413 176 2446 annorum
190 2399 253 2446 varia
267 2399 399 2445 traduntur:
418 2400 516 2446 manure
530 2399 646 2461 vulgatum
663 2401 729 2462 quin·

94 2471 184 2510 ntorum
197 2465 306 2525 spatium:
327 2464 386 2518 suni,
402 2465 440 2526 qui
450 2472 586 2520 asseverent,
600 2464 663 2511 mille
673 2480 729 2525 qus·

61 2480 320 2591 ddingentossexaginta
328 2544 398 2575 unum
406 2530 516 2591 interjici3
530 2530 660 2592 prioresque
666 2530 733 2577 alites

61 2593 190 2641 Sesostride
198 2594 305 2659 primum,
317 2601 372 2656 post
383 2593 497 2643 Amaside
505 2595 689 2643 dominantum,
694 2591 755 2658 ὠ)

51 2655 189 2715 Ptolemaeo,
206 2661 245 2722 qui
261 2677 295 2710 ex
306 2660 488 2714 Macedonibus
504 2652 733 2717 mutuarum&
743 2657 778 2687 ¹*

805 2758 811 2843 l
