1680 2910
65 125 163 165 J.c.14.
216 118 633 171 ANNALIUMLmI.Csr.18.
703 127 730 170 -9

66 252 156 309 classes,
173 268 249 315 regna,
265 252 395 315 provinciae,
411 253 500 307 tributa,
516 260 555 299 aut
565 253 690 315 uectigalia,
705 258 730 298 et

66 320 211 365 necessitates
228 333 255 364 ac
273 319 419 380 largitiones3
436 332 488 378 quae
507 325 588 365 cuncta
604 316 644 364 sui
660 332 730 363 mauu

64 384 224 446 perscripserat
235 383 365 444 Augustus:
384 382 540 443 addideratque
555 383 671 429 consilium
689 397 728 428 co-

65 447 156 494 &scendi
172 448 231 497 intra
245 448 352 494 terminos
369 447 461 509 imperii,
477 448 594 501 incertum,
610 457 679 501 metu,
699 462 729 493 an

66 527 108 575 per
118 513 232 559 invidiam.

99 575 160 622 XII.
176 575 239 623 Inter
256 591 307 637 quae
325 582 403 622 senatu
422 576 450 623 ad
467 574 554 622 infimas
569 576 728 622 obtestationes

65 642 233 704 procumbente,
251 642 308 688 dixit
324 641 383 687 forte
399 639 509 695 Tiberius,
526 655 558 696 se,
577 649 602 687 ut
621 656 667 688 non
686 642 728 687 toti

66 707 195 769 reipublicae
206 722 288 769 parem.
301 707 337 759 ita,
349 721 495 767 quaecumque
503 720 554 766 pars
562 706 602 752 sibi
611 707 727 752 mandare-

65 778 110 822 tur.
120 773 168 834 ejus
176 772 268 818 tutelam
278 779 438 832 suscepturum.
466 768 526 815 Turn
536 771 629 817 Asinius
639 771 728 826 Gallus,

66 834 231 898 “Interrogo''
239 837 316 896 inquit,
326 833 430 890 “Caesar,
437 850 503 896 quam
507 844 592 897 partem
601 835 727 897 reipublicae

67 901 169 947 mandari
180 902 219 947 tibi
231 899 321 947 velis?¹’
343 900 463 946 Perculsus
472 899 592 962 improvisi
602 900 727 962 Interroga·

67 966 136 1018 tione,
149 966 238 1025 paulum
250 966 349 1012 reticuit:
369 966 426 1016 dein.
439 965 532 1012 collecto
539 966 620 1020 auimo,
633 980 727 1027 respon·

67 1031 113 1076 dit:
135 1029 281 1091 Nequaquam
293 1030 398 1077 decorum
409 1031 488 1091 pudori
500 1045 547 1085 suo,
558 1031 634 1092 legere
644 1027 728 1091 aliquid

66 1103 106 1141 aut
117 1094 200 1141 evitare
211 1109 240 1140 ex
251 1110 285 1148 eo,
302 1096 339 1141 cui
353 1096 376 1139 in
394 1096 521 1140 universum
533 1095 633 1141 excusari
644 1096 729 1142 mallet.

64 1157 166 1206 Rursum
179 1159 259 1206 Gallus
275 1161 370 1222 (etenim
381 1160 445 1206 vultu
456 1158 600 1206 offensionem
613 1161 725 1222 conjecta·

65 1222 141 1284 uerat)
159 1238 205 1271 non
223 1224 305 1271 idcirco
324 1225 492 1286 interrogatum,
515 1223 552 1277 ait,
569 1231 594 1270 ut
613 1224 727 1279 divideret,

66 1303 117 1350 quae
136 1289 231 1351 separari
242 1290 371 1350 nequirent;
389 1289 427 1335 sed
442 1295 468 1334 ut
482 1286 522 1335 sud
535 1288 675 1335 confessione
690 1305 727 1336 ar·

65 1360 180 1415 gueretur,
197 1369 265 1401 unum
278 1370 327 1401 esse
342 1353 467 1416 reipublicae
480 1369 567 1416 corpus,
584 1362 650 1414 atque
662 1355 728 1402 unius

65 1418 142 1464 animo
154 1419 283 1480 regendum.
316 1417 408 1465 Addidit
418 1419 505 1464 laudern
517 1419 544 1465 de
555 1420 668 1480 Augusto,
686 1418 727 1465 'Ii-

66 1483 197 1542 beriumque
213 1483 285 1546 ipsum
303 1485 447 1530 uictoriarum
470 1499 566 1538 suarum,
589 1499 683 1545 quaeque
704 1486 728 1530 in

66 1546 122 1610 togis
133 1563 172 1608 per
188 1555 222 1594 tot
232 1564 303 1596 arrnos
314 1549 405 1611 egregie
415 1548 510 1599 fecisset
521 1549 643 1595 admonuit.
676 1547 727 1596 Nec

66 1612 117 1658 ideo
140 1613 194 1658 iram
217 1615 264 1676 ejus
287 1614 371 1667 lenivit,
392 1613 477 1675 pridem
500 1615 592 1668 invisus,
614 1623 727 1674 tamquam

67 1676 147 1740 (ductd
164 1678 186 1724 in
200 1680 366 1725 matrimonium
378 1676 492 1739 Vipsanii,
511 1678 545 1725 M.
555 1680 663 1740 Agrippae
675 1676 727 1734 filit,

66 1757 118 1802 quae
129 1744 241 1802 quondam
255 1741 338 1789 Tiberii
351 1758 407 1789 uxor
417 1741 500 1803 fuerat)
517 1744 567 1806 plus
578 1759 643 1804 quam
654 1743 728 1790 civilia

66 1808 169 1868 agitaret,
192 1807 345 1869 Pollionisque
365 1808 438 1854 Asinii
460 1808 527 1869 patris
546 1807 650 1855 ferociam
673 1808 726 1854 reti-

67 1879 138 1918 neret.

99 1934 173 1982 XIII.
192 1936 248 1985 Post
258 1952 309 1998 quae
321 1936 349 1983 L.
359 1936 487 1991 Arruntius,
504 1937 563 1983 haud
574 1937 669 1983 multum
680 1936 726 1983 dis·
792 1971 802 1981 .

66 2002 248 2062 crepansaGalli
257 2003 363 2056 oratione,
371 2002 462 2063 perinde
470 2001 575 2056 offendit3
592 2017 726 2062 quamquam

64 2063 156 2111 Tiberio
168 2067 228 2112 nulla
240 2074 304 2112 vetus
319 2069 343 2112 in
360 2067 492 2113 Arruntium
507 2067 540 2111 ira
546 2083 553 2122 ;
572 2067 610 2112 sed
627 2067 726 2121 divitem,

65 2139 185 2191 promtum,
201 2132 284 2177 artibus
301 2133 399 2193 egregiis
410 2139 433 2176 et
443 2131 489 2192 pari
504 2129 564 2176 fami
579 2131 672 2191 publice,
688 2146 726 2176 su-

64 2196 184 2255 spectabat.
219 2195 310 2258 Quippe
327 2197 445 2257 Augustus
461 2196 569 2256 supremis
589 2196 727 2242 sermonibus

64 2272 117 2304 cum
129 2268 240 2311 tractaret,
257 2262 346 2320 quinam
358 2260 448 2321 adipisci
459 2260 581 2320 principem
592 2259 667 2306 locum
679 2259 726 2306 suf-

63 2321 143 2370 fecturi
156 2325 283 2379 abnuerent,
296 2334 334 2370 aut
346 2325 440 2386 impares
451 2324 541 2378 vellent,
554 2325 590 2371 vel
598 2325 664 2371 iidem
676 2340 727 2386 pos·

65 2396 117 2434 sent
128 2399 285 2451 cuperentque,
298 2389 333 2435 M.
342 2387 451 2450 Lepidum
464 2389 550 2435 dixerat
560 2404 675 2451 capacem,
689 2389 735 2434 sed

63 2452 248 2515 adspernantem5
268 2454 359 2502 Gallum
378 2452 489 2503 Asinium
508 2455 614 2509 auidum,
630 2452 749 2499 etimne·

56 2531 120 2573 rern;
136 2517 312 2569 LArrnntium
328 2539 376 2572 non
391 2525 530 2590 indignum,
549 2531 582 2577 et,
599 2523 624 2566 s'r
638 2514 768 2564 casusne-

46 2587 113 2655 tetar,
125 2597 246 2636 ausurum.
280 2589 326 2640 De
336 2594 461 2657 prioribus
475 2589 635 2641 consentitur
646 2601 655 2628 ¹·
670 2592 724 2641 iffi
734 2575 786 2617 Μ’

28 2652 113 2709 ,ωηο
132 2651 231 2712 ‘iufdflm
254 2653 306 2709 Cn.
320 2659 446 2714 Pisonem
470 2655 621 2712 tradideret
651 2642 811 2694 ommim
