1680 2910
75 130 96 171 J.
105 131 129 170 c.
141 133 174 170 tt.
222 121 420 172 ANNALIUM
434 121 486 171 Lm.
495 120 542 171 Ill.
556 122 615 172 Car.
624 129 663 172 66.
699 128 742 172 121

75 265 155 306 senatu
174 258 332 311 decernuntur,
349 270 406 317 quos
423 255 541 317 pontifices
560 265 583 301 et
601 270 699 318 augures
721 263 745 304 et

74 323 251 385 quindecimviri,
264 321 403 385 septemviris
414 321 481 367 simul
492 327 516 367 et
526 320 637 367 sodalibus
648 321 744 384 Augus-

74 389 162 442 talibus,
174 388 273 434 ederent.
306 384 433 434 censuerat
444 384 473 432 L.
482 385 603 447 Apronius,
608 392 641 449 ¹,ut
651 385 743 434 feciales

73 468 163 515 quoque
181 453 209 498 iis
227 451 286 498 ludis
300 451 454 514 praesiderent
493 448 636 498 Contradiadt
655 450 742 508 Caesar,

72 519 180 567 distincto
198 517 372 563 sacerdotiorum
385 517 444 579 jure,
464 521 488 563 et
505 516 604 577 repetitis
614 517 739 579 exemplist

73 597 146 644 neque
157 583 217 629 enim
229 596 327 642 unquam
341 580 456 627 secialibus
466 582 510 627 hoc
521 581 643 642 majestatis
653 579 737 629 fuisset

71 649 122 695 ideo
134 647 274 708 Augustales
285 647 390 708 adjectos,
409 646 460 706 quia
474 646 588 707 proprium
600 647 648 707 ejus
659 646 740 694 demde

71 713 220 760 secerdotium
232 718 298 764 esset,
309 726 350 772 pro
362 708 408 771 qud
419 717 472 757 vota
482 710 669 772 persolverentur.

103 777 184 824 LXV.
201 776 303 836 Exsequi
315 776 437 822 sententias
454 775 513 822 head
528 775 622 829 institui,
641 777 682 822 nisi
700 776 737 822 in·

70 844 148 906 signes
165 843 348 904 perhonestum,
367 847 406 885 aut
422 841 513 886 notabili
532 840 656 887 dedecore:
676 842 737 901 quod
789 838 794 850 '

68 909 207 971 precipuum
219 921 302 952 munus
313 905 426 953 annalium
438 920 495 960 reor,
508 919 537 950 ne
547 905 642 952 virtutes
654 907 735 952 silean-

68 984 112 1027 tur,
125 980 195 1033 utque
205 971 280 1033 pravis
288 971 353 1017 dictis
363 969 473 1030 lactisque
484 985 513 1016 ex
523 971 654 1031 posteritate
665 971 736 1017 ethn-

67 1036 136 1085 samiti
146 1043 220 1083 metus
232 1037 268 1082 sit.
292 1034 408 1084 Caeterum
419 1042 522 1097 tempora
529 1034 568 1082 illa
578 1035 633 1082 adeo
645 1035 735 1092 infecta,

66 1110 91 1150 et
100 1102 228 1149 adulatione
244 1100 332 1147 sordida
347 1097 418 1155 suere,
438 1107 463 1146 ut
480 1114 525 1145 non
543 1100 610 1146 modo
627 1101 737 1161 primores

65 1167 170 1221 civitatis,
190 1167 269 1227 quibus
286 1165 395 1212 claritudo
413 1180 454 1211 sua
468 1165 579 1225 obsequiis
596 1167 735 1226 protegenda

65 1239 121 1286 erat,
140 1232 180 1278 sed
191 1246 270 1279 omnes
287 1230 424 1284 consulares,
438 1244 522 1292 magna
531 1245 583 1291 pars
593 1245 678 1284 eorum,
695 1231 733 1291 qui

63 1293 164 1360 praeturia
173 1297 254 1353 functi,
265 1295 374 1356 mrdtique
384 1295 451 1342 etiam
463 1295 547 1356 pedarii
558 1302 672 1342 senatores
683 1311 733 1342 cer·

41 1392 44 1399 ·
63 1363 129 1410 tatim
140 1367 296 1423 exsurgerent,
307 1359 412 1420 foedaque
422 1367 446 1406 et
456 1361 525 1406 nimia
535 1369 659 1408 censerent.
677 1359 732 1408 Me·

61 1428 142 1477 moriae
154 1427 260 1488 proditur,
272 1425 395 1480 Tiberium,
408 1423 570 1485 quotiescurid
580 1424 732 1486 egrederetur,

64 1492 153 1547 Graeci
160 1491 234 1538 verbis
242 1492 265 1536 in
273 1491 332 1536 hunc
339 1490 431 1536 modum
443 1490 516 1550 eloqui
528 1489 626 1544 solitum,
639 1490 730 1538 “Obo-

62 1558 135 1604 mines
146 1557 174 1602 ad
189 1557 320 1602 servitutem
331 1562 420 1617 paratos
428 1553 452 1602 !”
472 1554 568 1608 Scilicet,
580 1555 647 1601 etiam
658 1555 736 1612 illum,

61 1623 100 1697 epti
110 1622 235 1668 libertatem
246 1621 358 1682 publicam
369 1619 445 1674 nollet,
454 1626 500 1665 tam
510 1620 616 1682 projectae
628 1621 735 1667 servien-
760 1627 762 1631 “

60 1696 116 1735 num
127 1687 244 1748 patientiae
253 1686 357 1731 taedebat.

92 1749 188 1806 LXVI.
205 1749 317 1796 Paulatim
334 1749 422 1802 dehinc,
440 1749 467 1796 ab
485 1749 596 1796 indecoris
607 1751 635 1796 ad
646 1749 729 1798 infesta

58 1816 287 1878 transgrediebantur.
319 1812 348 1862 C.
361 1815 468 1868 Silanum,
486 1814 643 1876 proconsulem
655 1814 726 1871 Asiae,

58 1881 233 1943 repetundarum
244 1895 258 1926 a
269 1880 336 1925 sociis
346 1879 491 1941 postulatum,
506 1879 638 1926 Mamercus
655 1879 726 1927 Scau·

56 1961 96 1992 rus
110 1961 124 1992 e
139 1945 299 1998 consularibus,
317 1943 401 1992 lunius
420 1943 482 1990 Otho
500 1952 590 2006 praetor,
609 1942 727 1991 Brutidius

56 2009 133 2072 Niger
143 2010 221 2062 sedilis.
233 2009 301 2055 simul
311 2009 439 2070 corripiunt,
451 2009 607 2071 objectantque
617 2007 732 2056 violatum.

55 2074 158 2138 Augusti
175 2090 266 2131 numen,
285 2080 381 2136 spretam
397 2072 480 2119 'liberii
495 2075 649 2134 majestatem:
670 2072 725 2121 Ma-

54 2155 151 2195 mercus,
171 2141 263 2200 antiqua
280 2139 383 2200 exempla
394 2139 488 2199 jaciens,
506 2137 535 2184 L.
545 2134 637 2185 Cottam
649 2152 662 2184 a
674 2138 725 2187 Sci·

52 2205 121 2266 pione
134 2203 251 2259 Africano,
270 2204 320 2253 Ser.
334 2203 431 2251 Galbam
442 2218 456 2248 a
468 2200 557 2251 Catone
568 2203 677 2259 censorio,
695 2203 728 2252 P.·

51 2267 167 2317 Rutilium
185 2285 199 2317 a
216 2268 252 2315 M.
264 2270 349 2316 Scauro
360 2276 483 2316 accusatos.
516 2266 629 2314 Videlicet
648 2267 725 2330 Scipio

52 2332 148 2386 etcoto
159 2335 213 2382 talia
229 2335 402 2391 ulciscebantur,
421 2339 460 2380 aut
476 2332 515 2379 ille
530 2332 635 2386 Scaurus,
654 2348 722 2394 quem

48 2415 161 2462 mnarum
172 2414 245 2453 suum,
263 2398 404 2461 opprobrium
415 2399 525 2459 majorum
543 2397 674 2445 Mamercus
685 2400 723 2461 irt-¹

47 2463 103 2511 fami
122 2463 192 2526 operb
203 2462 376 2511 dehonestabat!
401 2462 472 2511 Junio
489 2462 582 2518 Othoni,
598 2463 722 2511 literarium

48 2528 127 2577 ludum
138 2544 251 2585 exercere,
267 2537 333 2576 vetus
343 2544 379 2576 ara
389 2528 447 2575 suist
467 2541 522 2573 mox
533 2528 608 2592 Sejani
619 2528 724 2588 potentii

48 2601 147 2650 senator,
166 2595 262 2650 obscura
277 2595 341 2645 initia
357 2593 529 2661 impudentibus
543 2591 738 2656 ausisptopehe*

77 2671 151 2706 ΜΗ·
491 2674 517 2710 Ἃ

79 2741 93 2774 l
