1680 2910
65 113 162 157 t.c.14·
218 106 411 158 ANNALIUM
427 107 510 158 Lral.
524 106 583 158 Car.
597 111 636 157 17.
701 110 728 154 ll

66 243 134 288 bant:
154 256 228 302 neque
238 241 336 303 populus
345 241 459 287 ademtam
470 242 510 303 jus
526 247 619 300 questus
630 245 671 293 est,
687 239 731 285 nisi

67 306 129 353 inani
142 322 245 353 rumores
265 315 289 352 et
305 313 402 361 senatus,
419 306 573 368 largitionibus
590 320 616 352 ac
629 305 732 365 precibus

67 372 163 418 sordidis
174 372 297 427 exsolutus,
309 372 379 418 libens
391 372 469 425 tenuit,
485 370 616 416 moderante
632 368 731 424 Tiberio,

67 451 97 482 ne
115 437 191 497 plures
225 451 277 483 uam
296 444 390 497 quatuor
409 436 538 482 candidatos
557 434 731 488 commendaret,

68 502 117 548 sine
128 452 249 563 repulsdet
260 502 343 549 ambitu
354 501 511 563 designandos.
524 501 527 510 '
544 498 607 545 Inter
623 515 674 559 quae
690 499 732 544 tri-

67 567 122 612 buni
133 567 205 629 plebei
215 564 321 628 petivere,
339 567 459 627 utproprio
471 572 546 611 sumtu
557 565 648 611 ederent
658 564 731 625 ludos,

67 632 114 691 qui,
126 635 154 678 de
165 634 256 678 nomine
266 631 373 693 Augusti,
384 631 447 677 fastis
454 630 528 684 additi,
542 630 679 692 Augustales
689 644 732 675 vo-
743 664 745 670 .

68 703 188 743 curentur:
208 696 247 742 sed
257 696 347 742 decreta
357 695 451 757 pecunia
465 710 494 740 ex
506 696 592 748 aerario,
610 701 678 755 utque
692 708 733 754 per

69 759 162 809 Circum
174 761 302 822 triumphali
313 768 377 806 veste
387 768 515 806 uterentur:
535 775 601 806 curru
611 760 663 805 vehi
674 757 733 804 haud

68 827 210 887 permissum.
244 825 304 872 Mox
325 825 444 872 celebratio
466 840 540 872 annua
563 824 590 870 ad
611 830 732 885 praetorem

68 891 183 946 translata,
195 890 231 937 cui
242 890 300 936 inter
311 891 403 938 civeset
410 889 670 952 peregrinosJ'urisdictio
678 903 732 935 eve·

70 956 149 1001 nisset.

102 1017 174 1065 XVI.
191 1017 239 1066 Hic
260 1033 335 1066 rerum
357 1021 490 1066 urbanarum
513 1026 583 1066 status
602 1025 657 1074 erat,
680 1032 731 1064 cum

71 1083 213 1132 Pannonicas
231 1084 333 1146 legiones
352 1085 432 1135 seditio
450 1085 541 1131 incessit
547 1101 555 1141 ;
578 1084 646 1130 nullis
667 1083 733 1129 novis

70 1149 150 1204 causis,
168 1149 210 1195 nisi
226 1151 286 1210 quod
299 1157 399 1198 mutatus
413 1151 517 1211 princeps
529 1149 642 1195 licentiam
657 1149 734 1194 turba·

72 1229 128 1266 rum,
145 1222 169 1260 et
179 1229 209 1260 ex
219 1215 279 1261 civili
295 1215 354 1261 bello
365 1230 427 1279 spem
441 1215 584 1276 praemiorum
597 1213 734 1259 ostendebat.

72 1277 159 1326 Castris
171 1280 255 1326 aestivis
267 1287 313 1326 tres
324 1280 391 1326 simul
401 1280 503 1341 legiones
514 1280 656 1331 habebantur,
673 1292 733 1338 pras·

71 1343 238 1392 sidenteJunio
249 1343 339 1401 Blaeso;
357 1346 401 1405 qui,
412 1344 457 1390 fine
466 1345 566 1406 Augusti
577 1351 600 1389 et
610 1343 679 1388 initiis
690 1339 734 1386 Ti·

70 1409 126 1454 berii
136 1409 225 1462 auditis,
240 1411 269 1455 ob
280 1410 394 1471 justitium
410 1417 449 1456 aut
465 1409 571 1471 gaudium
585 1407 735 1454 intermiserat

71 1474 137 1519 solita
152 1475 235 1520 munia.
268 1474 306 1520 Eo
321 1475 428 1536 principio
442 1475 544 1521 lascivire
562 1474 632 1527 miles,
650 1473 735 1518 discor-

69 1538 130 1593 dare,
141 1538 232 1600 pessimi
243 1539 350 1601 cujusque
360 1540 499 1585 sermonibus
505 1539 604 1601 praebere
612 1553 683 1591 aures,
696 1537 735 1582 de·

72 1604 140 1664 nique
149 1604 229 1650 luxum
240 1610 264 1649 et
274 1604 344 1650 otium
356 1619 443 1665 cupere,
455 1604 591 1664 disciplinam
603 1612 626 1651 et
637 1604 735 1649 laborem

71 1668 208 1730 adspernari.
240 1667 298 1714 Erat
308 1669 332 1714 in
343 1670 422 1714 castris
433 1668 571 1715 Percennius
582 1670 677 1729 quidam,
689 1668 736 1713 dux

71 1733 126 1779 olim
133 1733 273 1780 theatralium
283 1749 406 1796 operarum,
418 1734 468 1779 dein
480 1734 674 1795 gregariusmilcs,
681 1748 734 1793 pro-

72 1812 114 1844 cax
125 1796 210 1860 lingui,
228 1805 252 1844 et
264 1799 359 1844 miscere
373 1804 446 1845 coetus
457 1799 580 1845 histrionali
596 1798 669 1844 studio
680 1797 734 1843 doc-

71 1869 116 1908 tus.
139 1861 164 1908 Is
172 1863 287 1924 imperitos
295 1864 388 1917 animos,
397 1871 426 1917 et,
435 1879 537 1924 quaenam
545 1869 597 1924 post
604 1863 735 1923 Augustum

71 1927 158 1973 militiae
169 1928 275 1984 conditio,
285 1929 431 1989 ambigentes,
442 1929 555 1990 impellere
566 1928 671 1989 paulatim
680 1941 735 1972 noc·

72 1992 146 2038 turnis
152 1992 275 2054 colloquiis,
287 2001 325 2039 aut
332 1992 392 2040 flexo
397 1995 421 2039 in
428 2005 545 2055 vesperam
552 1993 593 2048 die,
605 2000 635 2043 et,
647 1991 737 2051 dilapsis

71 2057 208 2111 melioribus,
224 2057 368 2104 deterrimum
377 2073 490 2119 quemque
500 2071 646 2120 congregare.
678 2055 736 2102 Pos-

72 2128 153 2176 tremo,
165 2123 260 2183 promtis
266 2124 314 2185 jam
326 2130 350 2169 et
360 2123 408 2170 aliis
420 2123 533 2170 seditionis
544 2123 659 2177 ministris,
675 2124 738 2168 velut

72 2187 271 2234 concionabundus
282 2189 445 2249 interrogabat:

105 2250 192 2297 XVII.
209 2250 258 2300 Cur
267 2253 344 2314 paucis
355 2252 528 2307 centurionibus,
545 2253 684 2313 paucioribus
696 2252 737 2300 tri·

71 2317 146 2370 bunis,
157 2317 182 2362 in
192 2316 285 2364 modurn
293 2332 410 2364 servorum
422 2317 553 2364 obedirent?
570 2317 658 2377 quando
669 2331 737 2362 ausu-

72 2397 111 2428 ros
122 2396 245 2443 exposcere
259 2382 363 2438 remedia,
380 2383 422 2428 nisi
434 2397 518 2428 novum
530 2388 553 2428 et
568 2388 689 2428 nutantem
698 2381 741 2426 ad-

71 2446 117 2492 huc
127 2446 253 2508 principem
265 2449 368 2509 precibus
383 2448 420 2495 vel
435 2449 506 2496 armis
520 2446 624 2496 adirent'i
645 2445 758 2504 sauma

72 2517 105 2556 1⁰²
115 2525 188 2556 anm
194 2511 286 2573 &uarii
292 2523 423 2576 peccatum,
437 2518 503 2581 quod
513 2518 611 2566 tricena
616 2521 663 2564 aut
667 2508 774 2572 quadra-

56 2586 119 2630 8⁶⁰³
128 2574 239 2634 ”llfflfflss
250 2593 326 2636 senes,
347 2592 373 2632 et
383 2585 496 2651 plerique
509 2587 629 2635 truncato
648 2593 686 2628 ex
695 2571 790 2621 unlne-

46 2633 112 2683 '¹⁶¹¹‘
127 2650 229 2701 0⁰¹P⁰f⁶r
252 2647 377 2704 tolerent:
400 2671 437 2706 ne
457 2656 574 2706 dimissis
594 2650 707 2716 qmdem
720 2638 809 2686 5⁰²⁹
