1680 2910
66 142 98 189 56
147 132 340 184 ANNALIUM
357 133 410 182 lun.
421 131 457 182 11.
468 131 528 184 Car.
540 138 580 183 at.
615 138 733 189 menda.

69 283 124 316 nere
133 266 234 313 terrestri
246 266 270 313 in
284 265 426 314 hibernacula
436 266 549 314 remim:
566 266 643 329 plures
654 265 736 316 Caeaar

69 332 136 381 clami
147 332 262 393 impositae
272 346 313 392 per
322 330 407 378 flumen
419 330 529 378 Aminiam
539 331 632 378 Oceano
639 333 736 382 invexit.

71 396 108 445 Ae
124 398 197 459 primo
207 396 318 458 placidum
330 411 407 457 aequor
420 397 482 443 mille
496 396 587 443 navium
598 398 667 444 remia
678 405 736 445 atra·

70 478 130 525 pere,
147 468 186 509 aut
196 461 254 508 velit
263 461 360 523 impelli:
380 475 434 508 mox
450 469 499 507 atro
511 462 603 508 nubium
620 462 691 524 globo
702 462 737 509 ef-

71 527 122 574 fusa
138 527 231 588 grando,
251 527 318 573 simul
336 527 404 573 variis
421 527 519 587 undique
534 525 639 588 procellis
657 528 739 574 incerti

73 590 156 638 fluctus
166 599 308 653 prospectum
319 591 423 646 adimere,
441 592 542 653 regimen
552 591 673 654 impedire:
693 593 737 638 mi-

73 657 152 717 lerque
161 656 262 717 pavidus,
274 663 297 703 et
306 670 398 703 casuum
409 655 477 702 maris
487 657 587 718 ignarum
598 656 652 702 dum
664 658 740 704 turbat

74 728 162 776 nautae,
170 720 208 767 vel
215 721 447 783 intempestivejurat,
456 719 529 767 officia
535 721 679 782 prudentium
687 736 738 769 eor·

75 786 198 848 rumpebat
230 784 306 832 Omne
318 786 398 832 dehine
414 785 497 832 ooelum
514 791 538 831 et
553 800 615 832 mara
631 788 739 834 amneio

75 858 175 898 manum
186 851 261 904 camir,
272 849 311 910 qui
320 850 412 897 tumidis
423 849 554 897 Germaniae
561 851 660 913 terris,p
660 850 739 899 rolon-

75 916 109 962 dia
121 914 252 970 ammius,
245 927 356 960 immenso
370 915 463 961 nubium
478 921 551 961 tractu
561 915 655 969 validus,
673 923 697 963 et
707 918 739 962 ri

76 996 133 1044 gore
143 981 211 1026 vieini
222 979 387 1040 septemtrionis
397 979 513 1034 horridior,
525 981 598 1056 rapuit
609 979 740 1042 disjeeitque

77 1059 147 1092 naues
157 1045 265 1106 inaperta
275 1043 369 1098 ooerni,
381 1051 419 1090 aut
429 1035 514 1090 inaular
525 1045 586 1091 taxis
596 1044 739 1107 abruptltrel

77 1125 118 1173 per
132 1109 220 1156 occulta
234 1109 292 1156 vada
304 1107 413 1167 lulartm3
432 1109 512 1170 quibua
525 1108 616 1170 paulum
634 1124 741 1172 aegreque

77 1175 161 1229 vitalia,
182 1181 301 1237 postquam
322 1175 422 1221 mutabat
443 1181 520 1229 reatus,
541 1175 672 1235 eodemque,
695 1191 741 1237 quo

77 1248 167 1295 ventur,
183 1239 283 1296 ferebat3
300 1252 347 1285 non
360 1239 474 1286 adherere
487 1239 582 1293 meotis,
598 1253 644 1285 non
655 1241 741 1288 ulau·

79 1305 123 1352 rire
133 1306 282 1366 irrumpentes
292 1303 363 1350 undat
373 1310 488 1366 poterant:
506 1305 564 1365 equi,
571 1304 682 1366 Jumenta,
694 1320 741 1352 aar*

80 1371 144 1424 cinae‚
156 1369 223 1416 etiam
230 1382 292 1414 anna
299 1369 471 1431 precipitantur,
483 1383 529 1430 quo
538 1369 666 1416 levarentur
677 1370 742 1427 alvel,

80 1440 198 1481 manante·
208 1448 248 1495 per
258 1433 334 1488 latera,
346 1441 370 1480 et
378 1432 449 1480 fluctu
461 1440 629 1496 auperurgente,

114 1496 212 1545 XXIV.
228 1497 321 1552 Qrunto
335 1498 456 1546 violentior
465 1507 549 1545 cetero
563 1499 619 1545 mari
631 1499 743 1556 Oceanus,

82 1571 106 1612 et
123 1561 258 1610 truculentia
271 1563 323 1610 eoeli
341 1570 434 1626 praeatat
454 1563 583 1619 Germania,
600 1569 688 1610 mutum
707 1565 746 1613 illa

81 1628 157 1676 clades
174 1627 273 1674 novitate
292 1634 315 1674 et
333 1628 488 1690 magnitudine
506 1629 610 1682 exeram,
627 1629 745 1677 homirius

83 1694 168 1740 circum
182 1692 289 1747 litoribus,
301 1700 341 1739 aut
350 1694 382 1740 ita
392 1701 457 1740 vaato
468 1700 492 1741 et
501 1693 619 1756 profundo,
630 1701 656 1740 ut
667 1697 745 1742 ereda·

84 1765 122 1804 tur
137 1757 284 1804 novissimum
295 1773 321 1804 ac
332 1759 381 1805 aine
397 1759 468 1813 tenir,
484 1773 552 1806 mare.
584 1757 641 1805 Para
652 1760 745 1806 navium

85 1823 171 1869 traustae
182 1830 250 1877 aunt3
267 1821 342 1884 plurea
352 1824 411 1885 apud
424 1824 509 1870 insulan
519 1824 611 1886 longius
622 1824 676 1870 sitan
686 1824 746 1886 ejec-

84 1893 127 1934 tae:
147 1886 262 1947 mileaque,
280 1887 342 1933 nullo
352 1888 398 1934 illie
414 1889 530 1935 hominurn
546 1889 615 1943 cultu,
631 1888 692 1935 fame
707 1890 747 1936 ab·

86 1959 180 2005 tumtur,
192 1952 235 1998 nisi
245 1967 302 2012 quoa
312 1967 405 2014 corpora
416 1968 530 2014 equorum,
547 1954 627 2000 eodem
639 1953 699 2009 elim,
710 1961 747 2001 to·

83 2016 218 2064 leraverant.
257 2016 311 2064 Sola
333 2018 462 2065 Gennanlci
484 2019 581 2065 triremis
603 2016 749 2066 chaucorum

86 2089 168 2129 terram
179 2081 270 2143 appulit,
289 2096 355 2142 quem
366 2098 407 2144 per
418 2096 497 2130 omnes
507 2083 558 2130 illos
568 2083 616 2130 dieo
627 2090 751 2144 noctesque

85 2147 145 2207 apud
154 2147 259 2208 aeopuloa
266 2152 290 2192 et
297 2148 449 2208 prominentes
460 2162 518 2202 orae,
530 2162 581 2194 oum
590 2163 615 2194 ae
624 2148 680 2194 tanti
688 2148 751 2195 exitii

87 2226 150 2256 reum
161 2210 293 2287 clamitaret,
303 2211 343 2258 vix
354 2210 472 2259 cohibuere
483 2213 556 2268 amici,
567 2228 612 2274 quo
622 2213 698 2260 minua
709 2228 750 2260 eo·

87 2275 137 2321 dem
149 2276 205 2321 mari
216 2284 337 2337 oppeteret.
368 2275 470 2324 Tandem
482 2278 594 2324 relabente
605 2285 663 2323 reatu
679 2284 703 2324 et
714 2293 752 2325 te·

87 2339 200 2385 condente
210 2348 285 2394 vento,
300 2340 385 2387 elaudae
401 2357 470 2390 naves
486 2358 536 2389 raro
545 2343 647 2405 remigio,
664 2350 703 2389 aut
715 2344 750 2389 in·

85 2404 155 2450 tentia
167 2405 271 2460 vestibus,
288 2412 312 2450 et
319 2407 421 2466 quaedam
435 2409 601 2455 evalidioribur
616 2415 701 2464 tractre,
714 2423 750 2455 re·

85 2465 189 2514 vertite:
208 2483 265 2529 quaa
275 2471 355 2531 raptim
366 2470 460 2518 resectae
471 2474 539 2527 mirit,
557 2480 581 2518 ut
596 2480 752 2520 scrutarentur

79 2533 174 2580 Insulae.
210 2532 347 2583 Collecti
323 2548 351 2583 ea
364 2534 419 2584 euri
430 2537 545 2600 pleriquez
562 2538 648 2582 multat
665 2538 751 2597 Angri-

70 2600 131 2647 varii
141 2616 218 2681 nuper
228 2603 251 2650 in
264 2601 334 2652 fidem
346 2605 444 2668 accepti
455 2600 767 2649 manumittendum

58 2665 206 2721 reddiddre.
227 2672 345 2736 quidam
338 2685 367 2722 ιιι
384 2657 780 2724 Βῐὶιιιιιιιιιιιιιῐὶιῦιἢῃτωιωιῃ
