<?xml version="1.0" encoding="UTF-8"?>
<!DOCTYPE html PUBLIC "-//W3C//DTD XHTML 1.0 Transitional//EN"
    "http://www.w3.org/TR/xhtml1/DTD/xhtml1-transitional.dtd">
<html xmlns="http://www.w3.org/1999/xhtml" xml:lang="en" lang="en">
 <head>
  <title>
</title>
<meta http-equiv="Content-Type" content="text/html;charset=utf-8" />
  <meta name='ocr-system' content='tesseract 3.04.00' />
  <meta name='ocr-capabilities' content='ocr_page ocr_carea ocr_par ocr_line ocrx_word'/>
</head>
<body>
  <div class='ocr_page' id='page_1' title='image "./ccorneliitaciti00obergoog_0078.png"; bbox 0 0 1680 2910; ppageno 0'>
   <div class='ocr_carea' id='block_1_1' title="bbox 46 138 712 192">
    <p class='ocr_par' dir='ltr' id='par_1_1' title="bbox 46 138 712 192">
     <span class='ocr_line' id='line_1_1' title="bbox 46 138 712 192; baseline 0.012 -8"><span class='ocrx_word' id='word_1_1' title='bbox 46 140 144 184; x_wconf 81' lang='lat' dir='ltr'>J.c.16.</span> <span class='ocrx_word' id='word_1_2' title='bbox 200 139 392 188; x_wconf 79' lang='lat' dir='ltr'><strong>ANNALIUM</strong></span> <span class='ocrx_word' id='word_1_3' title='bbox 409 140 462 189; x_wconf 76' lang='lat' dir='ltr'>Lus.</span> <span class='ocrx_word' id='word_1_4' title='bbox 474 139 508 187; x_wconf 92' lang='lat' dir='ltr'>ll.</span> <span class='ocrx_word' id='word_1_5' title='bbox 521 138 581 190; x_wconf 81' lang='lat' dir='ltr'>Car.</span> <span class='ocrx_word' id='word_1_6' title='bbox 591 146 629 189; x_wconf 81' lang='lat'>41.</span> <span class='ocrx_word' id='word_1_7' title='bbox 680 146 712 192; x_wconf 82' lang='lat'>65</span> 
     </span>
    </p>
   </div>
   <div class='ocr_carea' id='block_1_2' title="bbox 43 269 745 2601">
    <p class='ocr_par' dir='ltr' id='par_1_2' title="bbox 43 269 731 1495">
     <span class='ocr_line' id='line_1_2' title="bbox 51 269 714 334; baseline -0.002 -14"><span class='ocrx_word' id='word_1_8' title='bbox 51 270 182 320; x_wconf 69' lang='lat' dir='ltr'>clandestini</span> <span class='ocrx_word' id='word_1_9' title='bbox 193 277 268 317; x_wconf 85' lang='lat' dir='ltr'>coetua</span> <span class='ocrx_word' id='word_1_10' title='bbox 278 271 430 318; x_wconf 83' lang='lat' dir='ltr'>celebrabant:</span> <span class='ocrx_word' id='word_1_11' title='bbox 450 285 501 317; x_wconf 86' lang='lat' dir='ltr'>cum</span> <span class='ocrx_word' id='word_1_12' title='bbox 509 269 623 318; x_wconf 85' lang='lat' dir='ltr'>Tiberium</span> <span class='ocrx_word' id='word_1_13' title='bbox 632 286 714 334; x_wconf 82' lang='lat' dir='ltr'>anceps</span> 
     </span>
     <span class='ocr_line' id='line_1_3' title="bbox 52 336 715 395; baseline -0.002 -10"><span class='ocrx_word' id='word_1_14' title='bbox 52 352 107 385; x_wconf 84' lang='lat' dir='ltr'>cara</span> <span class='ocrx_word' id='word_1_15' title='bbox 117 336 246 390; x_wconf 67' lang='lat' dir='ltr'>distrahere,</span> <span class='ocrx_word' id='word_1_16' title='bbox 257 336 310 382; x_wconf 83' lang='lat' dir='ltr'>vine</span> <span class='ocrx_word' id='word_1_17' title='bbox 317 336 413 383; x_wconf 88' lang='lat' dir='ltr'>militum</span> <span class='ocrx_word' id='word_1_18' title='bbox 422 350 511 382; x_wconf 80' lang='lat' dir='ltr'>servum</span> <span class='ocrx_word' id='word_1_19' title='bbox 520 351 585 384; x_wconf 87' lang='lat' dir='ltr'>suum</span> <span class='ocrx_word' id='word_1_20' title='bbox 593 338 715 395; x_wconf 67' lang='lat' dir='ltr'>coerceret,</span> 
     </span>
     <span class='ocr_line' id='line_1_4' title="bbox 51 400 715 462; baseline -0.002 -13"><span class='ocrx_word' id='word_1_21' title='bbox 51 417 82 449; x_wconf 87' lang='lat' dir='ltr'>aa</span> <span class='ocrx_word' id='word_1_22' title='bbox 92 402 182 448; x_wconf 72' lang='lat' dir='ltr'>manem</span> <span class='ocrx_word' id='word_1_23' title='bbox 194 400 347 447; x_wconf 84' lang='lat' dir='ltr'>credulitatem</span> <span class='ocrx_word' id='word_1_24' title='bbox 358 407 458 462; x_wconf 88' lang='lat' dir='ltr'>tempore</span> <span class='ocrx_word' id='word_1_25' title='bbox 467 401 517 462; x_wconf 87' lang='lat' dir='ltr'>ipso</span> <span class='ocrx_word' id='word_1_26' title='bbox 526 416 647 449; x_wconf 75' lang='lat' dir='ltr'>vanescere</span> <span class='ocrx_word' id='word_1_27' title='bbox 654 403 715 449; x_wconf 79' lang='lat' dir='ltr'>sine·</span> 
     </span>
     <span class='ocr_line' id='line_1_5' title="bbox 52 465 715 527; baseline 0.002 -14"><span class='ocrx_word' id='word_1_28' title='bbox 52 473 101 514; x_wconf 82' lang='lat' dir='ltr'>ret:</span> <span class='ocrx_word' id='word_1_29' title='bbox 120 465 189 513; x_wconf 86' lang='lat' dir='ltr'>modo</span> <span class='ocrx_word' id='word_1_30' title='bbox 199 465 255 511; x_wconf 90' lang='lat' dir='ltr'>nibil</span> <span class='ocrx_word' id='word_1_31' title='bbox 271 465 426 527; x_wconf 81' lang='lat' dir='ltr'>spernendum,</span> <span class='ocrx_word' id='word_1_32' title='bbox 441 466 509 512; x_wconf 90' lang='lat' dir='ltr'>modo</span> <span class='ocrx_word' id='word_1_33' title='bbox 520 481 566 512; x_wconf 91' lang='lat' dir='ltr'>non</span> <span class='ocrx_word' id='word_1_34' title='bbox 577 468 652 514; x_wconf 83' lang='lat' dir='ltr'>omnia</span> <span class='ocrx_word' id='word_1_35' title='bbox 665 482 715 514; x_wconf 87' lang='lat' dir='ltr'>me·</span> 
     </span>
     <span class='ocr_line' id='line_1_6' title="bbox 53 530 715 592; baseline 0.006 -17"><span class='ocrx_word' id='word_1_36' title='bbox 53 531 145 584; x_wconf 83' lang='lat' dir='ltr'>tuenda,</span> <span class='ocrx_word' id='word_1_37' title='bbox 156 530 275 591; x_wconf 84' lang='lat' dir='ltr'>ambiguus</span> <span class='ocrx_word' id='word_1_38' title='bbox 284 530 376 591; x_wconf 86' lang='lat' dir='ltr'>pudoris</span> <span class='ocrx_word' id='word_1_39' title='bbox 384 545 410 576; x_wconf 83' lang='lat' dir='ltr'>ac</span> <span class='ocrx_word' id='word_1_40' title='bbox 420 531 501 584; x_wconf 81' lang='lat' dir='ltr'>melda,</span> <span class='ocrx_word' id='word_1_41' title='bbox 510 532 632 592; x_wconf 79' lang='lat' dir='ltr'>reputabat</span> <span class='ocrx_word' id='word_1_42' title='bbox 656 531 715 579; x_wconf 82' lang='lat' dir='ltr'>Pea-</span> 
     </span>
     <span class='ocr_line' id='line_1_7' title="bbox 53 594 717 656; baseline 0.002 -13"><span class='ocrx_word' id='word_1_43' title='bbox 53 605 128 643; x_wconf 83' lang='lat' dir='ltr'>tremo</span> <span class='ocrx_word' id='word_1_44' title='bbox 138 595 177 641; x_wconf 84' lang='lat' dir='ltr'>dut</span> <span class='ocrx_word' id='word_1_45' title='bbox 187 595 303 656; x_wconf 78' lang='lat' dir='ltr'>negotium</span> <span class='ocrx_word' id='word_1_46' title='bbox 311 594 417 641; x_wconf 71' lang='lat' dir='ltr'>Sallustio</span> <span class='ocrx_word' id='word_1_47' title='bbox 426 594 519 656; x_wconf 87' lang='lat' dir='ltr'>Crispo:</span> <span class='ocrx_word' id='word_1_48' title='bbox 530 596 568 642; x_wconf 93' lang='lat' dir='ltr'>ille</span> <span class='ocrx_word' id='word_1_49' title='bbox 578 597 717 644; x_wconf 85' lang='lat' dir='ltr'>eclientibua</span> 
     </span>
     <span class='ocr_line' id='line_1_8' title="bbox 55 658 718 722; baseline 0.003 -15"><span class='ocrx_word' id='word_1_50' title='bbox 55 661 113 707; x_wconf 83' lang='lat' dir='ltr'>duos</span> <span class='ocrx_word' id='word_1_51' title='bbox 129 658 231 722; x_wconf 88' lang='lat' dir='ltr'>(quidam</span> <span class='ocrx_word' id='word_1_52' title='bbox 248 659 330 706; x_wconf 84' lang='lat' dir='ltr'>milites</span> <span class='ocrx_word' id='word_1_53' title='bbox 342 659 412 707; x_wconf 85' lang='lat' dir='ltr'>fuisse</span> <span class='ocrx_word' id='word_1_54' title='bbox 426 658 527 720; x_wconf 87' lang='lat' dir='ltr'>tradunt)</span> <span class='ocrx_word' id='word_1_55' title='bbox 547 661 633 722; x_wconf 81' lang='lat' dir='ltr'>deligit,</span> <span class='ocrx_word' id='word_1_56' title='bbox 649 668 718 722; x_wconf 84' lang='lat' dir='ltr'>atque</span> 
     </span>
     <span class='ocr_line' id='line_1_9' title="bbox 54 722 716 787; baseline 0.002 -16"><span class='ocrx_word' id='word_1_57' title='bbox 54 726 164 778; x_wconf 83' lang='lat' dir='ltr'>bortatur,</span> <span class='ocrx_word' id='word_1_58' title='bbox 176 722 280 770; x_wconf 76' lang='lat' dir='ltr'>simulati</span> <span class='ocrx_word' id='word_1_59' title='bbox 289 723 428 771; x_wconf 79' lang='lat' dir='ltr'>conscientid</span> <span class='ocrx_word' id='word_1_60' title='bbox 438 725 525 781; x_wconf 82' lang='lat' dir='ltr'>adeant,</span> <span class='ocrx_word' id='word_1_61' title='bbox 543 724 637 771; x_wconf 81' lang='lat' dir='ltr'>offerant</span> <span class='ocrx_word' id='word_1_62' title='bbox 647 741 716 787; x_wconf 88' lang='lat' dir='ltr'>pecu·</span> 
     </span>
     <span class='ocr_line' id='line_1_10' title="bbox 55 786 717 850; baseline 0 -14"><span class='ocrx_word' id='word_1_63' title='bbox 55 789 124 844; x_wconf 73' lang='lat' dir='ltr'>niam,</span> <span class='ocrx_word' id='word_1_64' title='bbox 135 786 202 835; x_wconf 84' lang='lat' dir='ltr'>fidem</span> <span class='ocrx_word' id='word_1_65' title='bbox 214 795 280 848; x_wconf 82' lang='lat' dir='ltr'>atque</span> <span class='ocrx_word' id='word_1_66' title='bbox 290 789 389 849; x_wconf 89' lang='lat' dir='ltr'>pericula</span> <span class='ocrx_word' id='word_1_67' title='bbox 395 789 548 850; x_wconf 69' lang='lat' dir='ltr'>pollicerentur.</span> <span class='ocrx_word' id='word_1_68' title='bbox 579 789 717 850; x_wconf 82' lang='lat' dir='ltr'>Exsequun·</span> 
     </span>
     <span class='ocr_line' id='line_1_11' title="bbox 43 853 717 915; baseline 0 -14"><span class='ocrx_word' id='word_1_69' title='bbox 43 862 101 907; x_wconf 88' lang='lat' dir='ltr'>·tur‚</span> <span class='ocrx_word' id='word_1_70' title='bbox 118 859 144 900; x_wconf 93' lang='lat' dir='ltr'>ut</span> <span class='ocrx_word' id='word_1_71' title='bbox 150 854 240 915; x_wconf 86' lang='lat' dir='ltr'>jussum</span> <span class='ocrx_word' id='word_1_72' title='bbox 250 861 311 899; x_wconf 80' lang='lat' dir='ltr'>erat:</span> <span class='ocrx_word' id='word_1_73' title='bbox 331 853 382 899; x_wconf 88' lang='lat' dir='ltr'>dein</span> <span class='ocrx_word' id='word_1_74' title='bbox 396 853 502 914; x_wconf 84' lang='lat' dir='ltr'>speculati</span> <span class='ocrx_word' id='word_1_75' title='bbox 516 862 606 902; x_wconf 89' lang='lat' dir='ltr'>noctem</span> <span class='ocrx_word' id='word_1_76' title='bbox 616 856 717 901; x_wconf 83' lang='lat' dir='ltr'>incusto-</span> 
     </span>
     <span class='ocr_line' id='line_1_12' title="bbox 56 906 719 978; baseline 0 -13"><span class='ocrx_word' id='word_1_77' title='bbox 56 918 134 971; x_wconf 84' lang='lat' dir='ltr'>ditam,</span> <span class='ocrx_word' id='word_1_78' title='bbox 146 914 237 978; x_wconf 76' lang='lat' dir='ltr'>accepti</span> <span class='ocrx_word' id='word_1_79' title='bbox 246 915 328 963; x_wconf 74' lang='lat' dir='ltr'>idonei</span> <span class='ocrx_word' id='word_1_80' title='bbox 338 933 412 972; x_wconf 84' lang='lat' dir='ltr'>manu,</span> <span class='ocrx_word' id='word_1_81' title='bbox 426 918 534 972; x_wconf 87' lang='lat' dir='ltr'>vinctum,</span> <span class='ocrx_word' id='word_1_82' title='bbox 551 918 626 965; x_wconf 88' lang='lat' dir='ltr'>clauso</span> <span class='ocrx_word' id='word_1_83' title='bbox 637 906 682 973; x_wconf 58' lang='lat' dir='ltr'>offe,</span> <span class='ocrx_word' id='word_1_84' title='bbox 695 920 719 966; x_wconf 92' lang='lat' dir='ltr'>in</span> 
     </span>
     <span class='ocr_line' id='line_1_13' title="bbox 59 979 719 1044; baseline 0.002 -15"><span class='ocrx_word' id='word_1_85' title='bbox 59 982 173 1029; x_wconf 83' lang='lat' dir='ltr'>Palatium</span> <span class='ocrx_word' id='word_1_86' title='bbox 197 979 298 1028; x_wconf 66' lang='lat' dir='ltr'>traxerez</span> <span class='ocrx_word' id='word_1_87' title='bbox 322 983 463 1044; x_wconf 70' lang='lat' dir='ltr'>percontanti</span> <span class='ocrx_word' id='word_1_88' title='bbox 481 982 579 1038; x_wconf 80' lang='lat' dir='ltr'>Tiberio,</span> <span class='ocrx_word' id='word_1_89' title='bbox 597 983 719 1037; x_wconf 82' lang='lat' dir='ltr'>Quomodo</span> 
     </span>
     <span class='ocr_line' id='line_1_14' title="bbox 59 1045 720 1110; baseline 0.006 -19"><span class='ocrx_word' id='word_1_90' title='bbox 59 1047 164 1110; x_wconf 78' lang='lat' dir='ltr'>Agrippa</span> <span class='ocrx_word' id='word_1_91' title='bbox 172 1045 246 1093; x_wconf 85' lang='lat' dir='ltr'>sactus</span> <span class='ocrx_word' id='word_1_92' title='bbox 254 1045 327 1093; x_wconf 82' lang='lat' dir='ltr'>esset?</span> <span class='ocrx_word' id='word_1_93' title='bbox 339 1049 479 1108; x_wconf 84' lang='lat' dir='ltr'>respondisse</span> <span class='ocrx_word' id='word_1_94' title='bbox 486 1047 563 1100; x_wconf 85' lang='lat' dir='ltr'>fertur,</span> <span class='ocrx_word' id='word_1_95' title='bbox 577 1054 590 1076; x_wconf 81' lang='lat'>‘⁴</span> <span class='ocrx_word' id='word_1_96' title='bbox 598 1047 720 1101; x_wconf 83' lang='lat' dir='ltr'>Quomodo</span> 
     </span>
     <span class='ocr_line' id='line_1_15' title="bbox 60 1109 720 1174; baseline 0.003 -16"><span class='ocrx_word' id='word_1_97' title='bbox 60 1119 85 1158; x_wconf 87' lang='lat' dir='ltr'>tu</span> <span class='ocrx_word' id='word_1_98' title='bbox 97 1109 201 1159; x_wconf 51' lang='lat' dir='ltr'>Caesar?</span> <span class='ocrx_word' id='word_1_99' title='bbox 221 1111 255 1157; x_wconf 88' lang='lat' dir='ltr'>Ut</span> <span class='ocrx_word' id='word_1_100' title='bbox 265 1112 341 1158; x_wconf 88' lang='lat' dir='ltr'>ederet</span> <span class='ocrx_word' id='word_1_101' title='bbox 351 1113 430 1167; x_wconf 82' lang='lat' dir='ltr'>socios,</span> <span class='ocrx_word' id='word_1_102' title='bbox 442 1112 514 1174; x_wconf 82' lang='lat' dir='ltr'>subigi</span> <span class='ocrx_word' id='word_1_103' title='bbox 523 1127 569 1158; x_wconf 87' lang='lat' dir='ltr'>non</span> <span class='ocrx_word' id='word_1_104' title='bbox 576 1114 663 1173; x_wconf 85' lang='lat' dir='ltr'>potuit:</span> <span class='ocrx_word' id='word_1_105' title='bbox 677 1129 720 1160; x_wconf 86' lang='lat' dir='ltr'>nec</span> 
     </span>
     <span class='ocr_line' id='line_1_16' title="bbox 60 1175 731 1238; baseline 0.006 -16"><span class='ocrx_word' id='word_1_106' title='bbox 60 1175 166 1223; x_wconf 85' lang='lat' dir='ltr'>Tiberius</span> <span class='ocrx_word' id='word_1_107' title='bbox 176 1191 265 1238; x_wconf 85' lang='lat' dir='ltr'>poeuam</span> <span class='ocrx_word' id='word_1_108' title='bbox 277 1177 325 1238; x_wconf 76' lang='lat' dir='ltr'>eJ&#39;us</span> <span class='ocrx_word' id='word_1_109' title='bbox 332 1177 405 1238; x_wconf 86' lang='lat' dir='ltr'>palam</span> <span class='ocrx_word' id='word_1_110' title='bbox 417 1192 492 1234; x_wconf 88' lang='lat' dir='ltr'>ausus,</span> <span class='ocrx_word' id='word_1_111' title='bbox 507 1177 530 1222; x_wconf 88' lang='lat' dir='ltr'>in</span> <span class='ocrx_word' id='word_1_112' title='bbox 541 1175 628 1223; x_wconf 78' lang='lat' dir='ltr'>secreti</span> <span class='ocrx_word' id='word_1_113' title='bbox 639 1177 731 1227; x_wconf 87' lang='lat' dir='ltr'>Palatii.</span> 
     </span>
     <span class='ocr_line' id='line_1_17' title="bbox 59 1239 721 1303; baseline 0.005 -17"><span class='ocrx_word' id='word_1_114' title='bbox 59 1249 125 1303; x_wconf 85' lang='lat' dir='ltr'>parte</span> <span class='ocrx_word' id='word_1_115' title='bbox 142 1239 238 1287; x_wconf 84' lang='lat' dir='ltr'>interfici</span> <span class='ocrx_word' id='word_1_116' title='bbox 251 1241 327 1303; x_wconf 77' lang='lat' dir='ltr'>jussit,</span> <span class='ocrx_word' id='word_1_117' title='bbox 349 1256 473 1302; x_wconf 74' lang='lat' dir='ltr'>corpusque</span> <span class='ocrx_word' id='word_1_118' title='bbox 491 1241 549 1288; x_wconf 89' lang='lat' dir='ltr'>clam</span> <span class='ocrx_word' id='word_1_119' title='bbox 570 1239 665 1288; x_wconf 85' lang='lat' dir='ltr'>auferri:</span> <span class='ocrx_word' id='word_1_120' title='bbox 691 1250 721 1296; x_wconf 77' lang='lat' dir='ltr'>et,</span> 
     </span>
     <span class='ocr_line' id='line_1_18' title="bbox 59 1306 722 1368; baseline 0.002 -16"><span class='ocrx_word' id='word_1_121' title='bbox 59 1319 195 1366; x_wconf 87' lang='lat' dir='ltr'>quamquam</span> <span class='ocrx_word' id='word_1_122' title='bbox 205 1306 271 1352; x_wconf 89' lang='lat' dir='ltr'>multi</span> <span class='ocrx_word' id='word_1_123' title='bbox 280 1320 294 1351; x_wconf 87' lang='lat' dir='ltr'>e</span> <span class='ocrx_word' id='word_1_124' title='bbox 305 1306 372 1352; x_wconf 89' lang='lat' dir='ltr'>domo</span> <span class='ocrx_word' id='word_1_125' title='bbox 382 1307 494 1368; x_wconf 89' lang='lat' dir='ltr'>principis,</span> <span class='ocrx_word' id='word_1_126' title='bbox 507 1307 636 1367; x_wconf 73' lang='lat' dir='ltr'>equitesque</span> <span class='ocrx_word' id='word_1_127' title='bbox 647 1321 673 1353; x_wconf 84' lang='lat' dir='ltr'>ac</span> <span class='ocrx_word' id='word_1_128' title='bbox 685 1322 722 1353; x_wconf 87' lang='lat' dir='ltr'>se·</span> 
     </span>
     <span class='ocr_line' id='line_1_19' title="bbox 60 1368 720 1434; baseline 0.003 -18"><span class='ocrx_word' id='word_1_129' title='bbox 60 1377 157 1425; x_wconf 78' lang='lat' dir='ltr'>satores,</span> <span class='ocrx_word' id='word_1_130' title='bbox 168 1368 305 1417; x_wconf 74' lang='lat' dir='ltr'>surientisse</span> <span class='ocrx_word' id='word_1_131' title='bbox 315 1371 399 1432; x_wconf 83' lang='lat' dir='ltr'>opibus,</span> <span class='ocrx_word' id='word_1_132' title='bbox 412 1372 500 1434; x_wconf 86' lang='lat' dir='ltr'>juvisse</span> <span class='ocrx_word' id='word_1_133' title='bbox 509 1371 608 1418; x_wconf 80' lang='lat' dir='ltr'>consssiis</span> <span class='ocrx_word' id='word_1_134' title='bbox 619 1371 720 1418; x_wconf 69' lang='lat' dir='ltr'>dicerer·</span> 
     </span>
     <span class='ocr_line' id='line_1_20' title="bbox 59 1435 313 1495; baseline -0.004 -13"><span class='ocrx_word' id='word_1_135' title='bbox 59 1443 104 1489; x_wconf 85' lang='lat' dir='ltr'>tur,</span> <span class='ocrx_word' id='word_1_136' title='bbox 116 1435 175 1480; x_wconf 85' lang='lat' dir='ltr'>baud</span> <span class='ocrx_word' id='word_1_137' title='bbox 185 1436 313 1495; x_wconf 79' lang='lat' dir='ltr'>quaesitum.</span> 
     </span>
    </p>

    <p class='ocr_par' dir='ltr' id='par_1_3' title="bbox 57 1498 745 2601">
     <span class='ocr_line' id='line_1_21' title="bbox 94 1498 723 1562; baseline 0.005 -17"><span class='ocrx_word' id='word_1_138' title='bbox 94 1498 164 1546; x_wconf 86' lang='lat' dir='ltr'>XLI.</span> <span class='ocrx_word' id='word_1_139' title='bbox 181 1499 239 1546; x_wconf 73' lang='lat' dir='ltr'>Fine</span> <span class='ocrx_word' id='word_1_140' title='bbox 250 1502 302 1546; x_wconf 89' lang='lat' dir='ltr'>anni</span> <span class='ocrx_word' id='word_1_141' title='bbox 313 1515 384 1556; x_wconf 85' lang='lat' dir='ltr'>arcus,</span> <span class='ocrx_word' id='word_1_142' title='bbox 395 1506 486 1562; x_wconf 89' lang='lat' dir='ltr'>propter</span> <span class='ocrx_word' id='word_1_143' title='bbox 496 1501 567 1548; x_wconf 83' lang='lat' dir='ltr'>oedem</span> <span class='ocrx_word' id='word_1_144' title='bbox 580 1500 676 1554; x_wconf 85' lang='lat' dir='ltr'>Saturni,</span> <span class='ocrx_word' id='word_1_145' title='bbox 694 1502 723 1548; x_wconf 96' lang='lat' dir='ltr'>ob</span> 
     </span>
     <span class='ocr_line' id='line_1_22' title="bbox 63 1565 724 1625; baseline 0.002 -14"><span class='ocrx_word' id='word_1_146' title='bbox 63 1570 154 1625; x_wconf 75' lang='lat' dir='ltr'>recepta</span> <span class='ocrx_word' id='word_1_147' title='bbox 168 1565 234 1625; x_wconf 83' lang='lat' dir='ltr'>signa</span> <span class='ocrx_word' id='word_1_148' title='bbox 248 1580 300 1611; x_wconf 92' lang='lat' dir='ltr'>cum</span> <span class='ocrx_word' id='word_1_149' title='bbox 315 1565 378 1612; x_wconf 92' lang='lat' dir='ltr'>Varo</span> <span class='ocrx_word' id='word_1_150' title='bbox 394 1567 482 1619; x_wconf 80' lang='lat' dir='ltr'>amissa,</span> <span class='ocrx_word' id='word_1_151' title='bbox 497 1566 565 1611; x_wconf 91' lang='lat' dir='ltr'>ductu</span> <span class='ocrx_word' id='word_1_152' title='bbox 586 1566 724 1620; x_wconf 80' lang='lat' dir='ltr'>Germanici,</span> 
     </span>
     <span class='ocr_line' id='line_1_23' title="bbox 63 1628 724 1690; baseline 0.005 -16"><span class='ocrx_word' id='word_1_153' title='bbox 63 1630 168 1690; x_wconf 75' lang='lat' dir='ltr'>auspiciis</span> <span class='ocrx_word' id='word_1_154' title='bbox 183 1628 281 1687; x_wconf 86' lang='lat' dir='ltr'>Tiberii;</span> <span class='ocrx_word' id='word_1_155' title='bbox 298 1636 322 1676; x_wconf 88' lang='lat' dir='ltr'>et</span> <span class='ocrx_word' id='word_1_156' title='bbox 337 1631 396 1676; x_wconf 86' lang='lat' dir='ltr'>aedes</span> <span class='ocrx_word' id='word_1_157' title='bbox 412 1629 487 1677; x_wconf 86' lang='lat' dir='ltr'>Fortis</span> <span class='ocrx_word' id='word_1_158' title='bbox 502 1629 609 1677; x_wconf 84' lang='lat' dir='ltr'>Fortunae</span> <span class='ocrx_word' id='word_1_159' title='bbox 624 1629 724 1677; x_wconf 88' lang='lat' dir='ltr'>Tiberim</span> 
     </span>
     <span class='ocr_line' id='line_1_24' title="bbox 57 1692 727 1758; baseline 0.003 -19"><span class='ocrx_word' id='word_1_160' title='bbox 57 1695 127 1758; x_wconf 82' lang='lat' dir='ltr'>juxta</span> <span class='ocrx_word' id='word_1_161' title='bbox 143 1695 167 1740; x_wconf 89' lang='lat' dir='ltr'>in</span> <span class='ocrx_word' id='word_1_162' title='bbox 181 1694 260 1751; x_wconf 89' lang='lat' dir='ltr'>bortis,</span> <span class='ocrx_word' id='word_1_163' title='bbox 276 1709 332 1755; x_wconf 89' lang='lat' dir='ltr'>quos</span> <span class='ocrx_word' id='word_1_164' title='bbox 349 1692 427 1741; x_wconf 87' lang='lat' dir='ltr'>Caessr</span> <span class='ocrx_word' id='word_1_165' title='bbox 444 1695 538 1742; x_wconf 88' lang='lat' dir='ltr'>dictator</span> <span class='ocrx_word' id='word_1_166' title='bbox 553 1695 640 1757; x_wconf 91' lang='lat' dir='ltr'>Populo</span> <span class='ocrx_word' id='word_1_167' title='bbox 656 1694 727 1742; x_wconf 85' lang='lat' dir='ltr'>Rom.</span> 
     </span>
     <span class='ocr_line' id='line_1_25' title="bbox 62 1758 727 1822; baseline 0.003 -18"><span class='ocrx_word' id='word_1_168' title='bbox 62 1758 194 1820; x_wconf 83' lang='lat' dir='ltr'>legaverat;</span> <span class='ocrx_word' id='word_1_169' title='bbox 219 1761 338 1806; x_wconf 64' lang='lat' dir='ltr'>sacrarium</span> <span class='ocrx_word' id='word_1_170' title='bbox 360 1761 424 1820; x_wconf 85' lang='lat' dir='ltr'>genti</span> <span class='ocrx_word' id='word_1_171' title='bbox 444 1759 519 1814; x_wconf 70' lang='lat' dir='ltr'>Julius,</span> <span class='ocrx_word' id='word_1_172' title='bbox 542 1760 671 1822; x_wconf 87' lang='lat' dir='ltr'>effigiesque</span> <span class='ocrx_word' id='word_1_173' title='bbox 692 1759 727 1807; x_wconf 86' lang='lat' dir='ltr'>D.</span> 
     </span>
     <span class='ocr_line' id='line_1_26' title="bbox 63 1823 718 1904; baseline 0.005 -35"><span class='ocrx_word' id='word_1_174' title='bbox 63 1824 171 1884; x_wconf 80' lang='lat' dir='ltr'>Augusto</span> <span class='ocrx_word' id='word_1_175' title='bbox 189 1824 248 1884; x_wconf 87' lang='lat' dir='ltr'>apud</span> <span class='ocrx_word' id='word_1_176' title='bbox 269 1823 377 1879; x_wconf 77' lang='lat' dir='ltr'>Bovillas,</span> <span class='ocrx_word' id='word_1_177' title='bbox 396 1824 504 1871; x_wconf 84' lang='lat' dir='ltr'>dicantur.</span> <span class='ocrx_word' id='word_1_178' title='bbox 537 1823 565 1872; x_wconf 86' lang='lat' dir='ltr'>C.</span> <span class='ocrx_word' id='word_1_179' title='bbox 599 1856 623 1902; x_wconf 82' lang='lat' dir='ltr'><strong>U</strong></span> <span class='ocrx_word' id='word_1_180' title='bbox 635 1855 718 1904; x_wconf 56' lang='lat'>0770</span> 
     </span>
     <span class='ocr_line' id='line_1_27' title="bbox 65 1886 725 1950; baseline 0 -15"><span class='ocrx_word' id='word_1_181' title='bbox 65 1886 168 1942; x_wconf 81' lang='lat' dir='ltr'>Crecilio,</span> <span class='ocrx_word' id='word_1_182' title='bbox 185 1886 214 1935; x_wconf 92' lang='lat' dir='ltr'>L.</span> <span class='ocrx_word' id='word_1_183' title='bbox 223 1887 349 1950; x_wconf 89' lang='lat' dir='ltr'>Pomponio</span> <span class='ocrx_word' id='word_1_184' title='bbox 365 1887 431 1936; x_wconf 85' lang='lat' dir='ltr'>Coss.</span> <span class='ocrx_word' id='word_1_185' title='bbox 444 1890 564 1937; x_wconf 84' lang='lat' dir='ltr'>Germani·</span> <span class='ocrx_word' id='word_1_186' title='bbox 623 1890 629 1902; x_wconf 85' lang='lat'><strong><em>&#39;</em></strong></span> <span class='ocrx_word' id='word_1_187' title='bbox 719 1891 725 1904; x_wconf 82' lang='lat'>⁸</span> 
     </span>
     <span class='ocr_line' id='line_1_28' title="bbox 65 1919 715 2002; baseline 0.005 -4"><span class='ocrx_word' id='word_1_188' title='bbox 65 1967 106 1998; x_wconf 75' lang='lat' dir='ltr'>eu</span> <span class='ocrx_word' id='word_1_189' title='bbox 121 1951 510 2002; x_wconf 64' lang='lat' dir='ltr'>casare.1).vm1m.nunus</span> <span class='ocrx_word' id='word_1_190' title='bbox 524 1956 564 2001; x_wconf 72' lang='lat' dir='ltr'>tn-</span> <span class='ocrx_word' id='word_1_191' title='bbox 608 1919 665 1970; x_wconf 56' lang='grc' dir='ltr'>Μ·</span> <span class='ocrx_word' id='word_1_192' title='bbox 679 1924 715 1968; x_wconf 89' lang='lat'>¹⁷·</span> 
     </span>
     <span class='ocr_line' id='line_1_29' title="bbox 65 2016 728 2080; baseline 0.002 -17"><span class='ocrx_word' id='word_1_193' title='bbox 65 2016 183 2078; x_wconf 88' lang='lat' dir='ltr'>umphavit</span> <span class='ocrx_word' id='word_1_194' title='bbox 201 2018 229 2063; x_wconf 93' lang='lat' dir='ltr'>de</span> <span class='ocrx_word' id='word_1_195' title='bbox 248 2016 369 2066; x_wconf 82' lang='lat' dir='ltr'>Cheruscis</span> <span class='ocrx_word' id='word_1_196' title='bbox 389 2017 514 2079; x_wconf 88' lang='lat' dir='ltr'>Cattisque,</span> <span class='ocrx_word' id='word_1_197' title='bbox 536 2027 559 2064; x_wconf 88' lang='lat' dir='ltr'>et</span> <span class='ocrx_word' id='word_1_198' title='bbox 577 2019 728 2080; x_wconf 83' lang='lat' dir='ltr'>Angrivariis,</span> 
     </span>
     <span class='ocr_line' id='line_1_30' title="bbox 66 2083 729 2144; baseline 0.003 -16"><span class='ocrx_word' id='word_1_199' title='bbox 66 2097 162 2143; x_wconf 69' lang='lat' dir='ltr'>quaque</span> <span class='ocrx_word' id='word_1_200' title='bbox 172 2083 223 2129; x_wconf 84' lang='lat' dir='ltr'>aliae</span> <span class='ocrx_word' id='word_1_201' title='bbox 233 2083 336 2129; x_wconf 86' lang='lat' dir='ltr'>nationes</span> <span class='ocrx_word' id='word_1_202' title='bbox 347 2099 417 2144; x_wconf 89' lang='lat' dir='ltr'>usque</span> <span class='ocrx_word' id='word_1_203' title='bbox 428 2085 455 2130; x_wconf 81' lang='lat' dir='ltr'>sd</span> <span class='ocrx_word' id='word_1_204' title='bbox 468 2084 544 2130; x_wconf 82' lang='lat' dir='ltr'>Albim</span> <span class='ocrx_word' id='word_1_205' title='bbox 556 2084 645 2129; x_wconf 86' lang='lat' dir='ltr'>colunt:</span> <span class='ocrx_word' id='word_1_206' title='bbox 664 2091 729 2130; x_wconf 85' lang='lat' dir='ltr'>vecta</span> 
     </span>
     <span class='ocr_line' id='line_1_31' title="bbox 67 2147 728 2210; baseline 0.005 -18"><span class='ocrx_word' id='word_1_207' title='bbox 67 2147 144 2208; x_wconf 76' lang='lat' dir='ltr'>spolia,</span> <span class='ocrx_word' id='word_1_208' title='bbox 161 2147 250 2208; x_wconf 83' lang='lat' dir='ltr'>captivi,</span> <span class='ocrx_word' id='word_1_209' title='bbox 266 2148 383 2195; x_wconf 87' lang='lat' dir='ltr'>simulacra</span> <span class='ocrx_word' id='word_1_210' title='bbox 392 2149 511 2206; x_wconf 89' lang='lat' dir='ltr'>montium,</span> <span class='ocrx_word' id='word_1_211' title='bbox 526 2147 651 2202; x_wconf 86' lang='lat' dir='ltr'>fluminum,</span> <span class='ocrx_word' id='word_1_212' title='bbox 667 2163 728 2210; x_wconf 83' lang='lat' dir='ltr'>proe·</span> 
     </span>
     <span class='ocr_line' id='line_1_32' title="bbox 65 2211 728 2274; baseline 0.003 -16"><span class='ocrx_word' id='word_1_213' title='bbox 65 2211 162 2258; x_wconf 86' lang='lat' dir='ltr'>liorum:</span> <span class='ocrx_word' id='word_1_214' title='bbox 181 2211 315 2272; x_wconf 86' lang='lat' dir='ltr'>bellumque,</span> <span class='ocrx_word' id='word_1_215' title='bbox 337 2214 388 2272; x_wconf 90' lang='lat' dir='ltr'>quia</span> <span class='ocrx_word' id='word_1_216' title='bbox 406 2212 515 2259; x_wconf 84' lang='lat' dir='ltr'>conficere</span> <span class='ocrx_word' id='word_1_217' title='bbox 534 2212 657 2274; x_wconf 89' lang='lat' dir='ltr'>prohibitus</span> <span class='ocrx_word' id='word_1_218' title='bbox 672 2220 728 2270; x_wconf 70' lang='lat' dir='ltr'>erat,</span> 
     </span>
     <span class='ocr_line' id='line_1_33' title="bbox 64 2276 729 2339; baseline 0.003 -17"><span class='ocrx_word' id='word_1_219' title='bbox 64 2291 107 2338; x_wconf 86' lang='lat' dir='ltr'>pro</span> <span class='ocrx_word' id='word_1_220' title='bbox 117 2276 222 2323; x_wconf 82' lang='lat' dir='ltr'>confecto</span> <span class='ocrx_word' id='word_1_221' title='bbox 229 2278 383 2338; x_wconf 86' lang='lat' dir='ltr'>accipiebatur.</span> <span class='ocrx_word' id='word_1_222' title='bbox 409 2279 515 2339; x_wconf 87' lang='lat' dir='ltr'>Augebat</span> <span class='ocrx_word' id='word_1_223' title='bbox 525 2278 659 2325; x_wconf 87' lang='lat' dir='ltr'>intuentium</span> <span class='ocrx_word' id='word_1_224' title='bbox 666 2279 729 2324; x_wconf 86' lang='lat' dir='ltr'>visus</span> 
     </span>
     <span class='ocr_line' id='line_1_34' title="bbox 65 2341 728 2404; baseline 0.005 -18"><span class='ocrx_word' id='word_1_225' title='bbox 65 2341 149 2387; x_wconf 77' lang='lat' dir='ltr'>eximia</span> <span class='ocrx_word' id='word_1_226' title='bbox 159 2341 228 2404; x_wconf 86' lang='lat' dir='ltr'>ipsius</span> <span class='ocrx_word' id='word_1_227' title='bbox 239 2343 331 2403; x_wconf 87' lang='lat' dir='ltr'>species,</span> <span class='ocrx_word' id='word_1_228' title='bbox 343 2358 463 2403; x_wconf 82' lang='lat' dir='ltr'>currusque</span> <span class='ocrx_word' id='word_1_229' title='bbox 470 2346 568 2403; x_wconf 87' lang='lat' dir='ltr'>quinque</span> <span class='ocrx_word' id='word_1_230' title='bbox 574 2343 649 2390; x_wconf 87' lang='lat' dir='ltr'>liberis</span> <span class='ocrx_word' id='word_1_231' title='bbox 659 2358 728 2389; x_wconf 87' lang='lat' dir='ltr'>onus·</span> 
     </span>
     <span class='ocr_line' id='line_1_35' title="bbox 65 2405 729 2470; baseline 0.002 -18"><span class='ocrx_word' id='word_1_232' title='bbox 65 2412 118 2452; x_wconf 79' lang='lat' dir='ltr'>tus:</span> <span class='ocrx_word' id='word_1_233' title='bbox 138 2405 178 2453; x_wconf 89' lang='lat' dir='ltr'>sed</span> <span class='ocrx_word' id='word_1_234' title='bbox 189 2407 278 2452; x_wconf 77' lang='lat' dir='ltr'>suberat</span> <span class='ocrx_word' id='word_1_235' title='bbox 289 2408 376 2454; x_wconf 82' lang='lat' dir='ltr'>occultu</span> <span class='ocrx_word' id='word_1_236' title='bbox 385 2408 480 2454; x_wconf 84' lang='lat' dir='ltr'>iomrido</span> <span class='ocrx_word' id='word_1_237' title='bbox 494 2409 653 2470; x_wconf 86' lang='lat' dir='ltr'>reputantibus,</span> <span class='ocrx_word' id='word_1_238' title='bbox 670 2408 729 2454; x_wconf 81' lang='lat' dir='ltr'>baud</span> 
     </span>
     <span class='ocr_line' id='line_1_36' title="bbox 66 2469 725 2534; baseline -0.002 -17"><span class='ocrx_word' id='word_1_239' title='bbox 66 2485 199 2534; x_wconf 82' lang='lat' dir='ltr'>prospenau</span> <span class='ocrx_word' id='word_1_240' title='bbox 216 2472 241 2516; x_wconf 95' lang='lat' dir='ltr'>in</span> <span class='ocrx_word' id='word_1_241' title='bbox 261 2469 347 2529; x_wconf 84' lang='lat' dir='ltr'>Druso,</span> <span class='ocrx_word' id='word_1_242' title='bbox 369 2479 432 2533; x_wconf 86' lang='lat' dir='ltr'>putre</span> <span class='ocrx_word' id='word_1_243' title='bbox 450 2474 504 2534; x_wconf 86' lang='lat' dir='ltr'>ejus,</span> <span class='ocrx_word' id='word_1_244' title='bbox 527 2471 626 2519; x_wconf 88' lang='lat' dir='ltr'>favorem</span> <span class='ocrx_word' id='word_1_245' title='bbox 648 2473 725 2531; x_wconf 82' lang='lat' dir='ltr'>vulgi:</span> 
     </span>
     <span class='ocr_line' id='line_1_37' title="bbox 68 2535 745 2601; baseline 0.001 -20"><span class='ocrx_word' id='word_1_246' title='bbox 68 2535 206 2581; x_wconf 83' lang='lat' dir='ltr'>avunculum</span> <span class='ocrx_word' id='word_1_247' title='bbox 220 2537 326 2598; x_wconf 87' lang='lat' dir='ltr'>ejusdem,</span> <span class='ocrx_word' id='word_1_248' title='bbox 342 2537 487 2596; x_wconf 75' lang='lat' dir='ltr'>Marcellum,</span> <span class='ocrx_word' id='word_1_249' title='bbox 500 2536 655 2601; x_wconf 62' lang='lat' dir='ltr'>flagrantibus</span> <span class='ocrx_word' id='word_1_250' title='bbox 664 2536 745 2595; x_wconf 63' lang='lat' dir='ltr'>plebia</span> 
     </span>
    </p>
   </div>
   <div class='ocr_carea' id='block_1_3' title="bbox 53 2598 766 2727">
    <p class='ocr_par' dir='ltr' id='par_1_4' title="bbox 53 2598 766 2727">
     <span class='ocr_line' id='line_1_38' title="bbox 53 2598 766 2726; baseline -0.017 -70"><span class='ocrx_word' id='word_1_251' title='bbox 53 2599 353 2726; x_wconf 51' lang='lat' dir='ltr'>fflfflventam</span> <span class='ocrx_word' id='word_1_252' title='bbox 367 2618 492 2674; x_wconf 66' lang='lat' dir='ltr'>erepturus</span> <span class='ocrx_word' id='word_1_253' title='bbox 505 2607 597 2655; x_wconf 71' lang='lat' dir='ltr'>breues</span> <span class='ocrx_word' id='word_1_254' title='bbox 607 2598 766 2651; x_wconf 57' lang='lat' dir='ltr'>ssimum</span> 
     </span>
     <span class='ocr_line' id='line_1_39' title="bbox 119 2687 371 2727; baseline 0.012 -3"><span class='ocrx_word' id='word_1_255' title='bbox 119 2716 123 2724; x_wconf 94' lang='lat'>.</span> <span class='ocrx_word' id='word_1_256' title='bbox 268 2687 371 2727; x_wconf 79' lang='lat' dir='ltr'>amores.</span> 
     </span>
    </p>
   </div>
   <div class='ocr_carea' id='block_1_4' title="bbox 523 2718 582 2791">
    <p class='ocr_par' dir='ltr' id='par_1_5' title="bbox 523 2718 582 2791">
     <span class='ocr_line' id='line_1_40' title="bbox 523 2718 582 2791; baseline -0.085 0"><span class='ocrx_word' id='word_1_257' title='bbox 523 2718 582 2791; x_wconf 70' lang='lat' dir='ltr'>ss</span> 
     </span>
    </p>
   </div>
   <div class='ocr_carea' id='block_1_5' title="bbox 0 0 863 2910">
    <p class='ocr_par' dir='ltr' id='par_1_6' title="bbox 0 0 863 2910">
     <span class='ocr_line' id='line_1_41' title="bbox 0 0 863 2910; baseline 0 0"><span class='ocrx_word' id='word_1_258' title='bbox 0 0 863 2910; x_wconf 95' lang='lat' dir='ltr'> </span> 
     </span>
    </p>
   </div>
  </div>
 </body>
</html>
