1680 2910
79 175 178 217 acar.
208 157 210 161 ’
262 172 357 222 ων.
374 173 573 223 annnorum
704 177 750 221 175

74 304 166 366 cipuum
177 318 228 352 esse
238 304 324 366 imperii
337 306 495 362 levamentum,
513 312 611 354 senecta
621 317 669 352 sure
683 318 743 366 praep

73 369 164 416 sidium.
195 369 278 416 Verbis
288 371 384 416 honores
394 371 463 428 addit,
483 379 516 429 nt,
534 372 573 432 qui
584 385 627 418 usu
637 383 742 416 necessa·

73 434 130 491 rius,
142 434 252 496 dignitate
261 436 366 482 emineat.

106 496 180 561 [Tum
192 514 256 546 ruere
266 514 345 546 omnes
355 500 379 546 in
391 499 467 561 sejani
477 501 659 548 venerationem:
673 499 737 561 legs.-

73 563 179 618 tiomlrus,
197 565 390 626 gratulationibus,
408 565 468 611 votis
478 566 552 613 studia
562 571 661 612 ostentat
669 578 737 610 aeus

70 633 116 683 ms,
139 637 242 689 equester
260 631 321 686 ordo,
341 628 436 691 populus
454 628 580 685 Romanus,
599 629 662 692 plebs
680 629 735 689 ipsa.

69 706 180 739 novarum
198 709 273 743 rerum
284 694 441 755 intemperans.
474 694 504 740 ln
520 695 577 750 foro,
597 696 621 740 in
638 693 735 754 templis,

68 756 94 803 in
112 759 206 819 privatis
223 759 314 816 aedibus,
334 767 448 820 ponuntur
467 762 515 822 ejus
534 767 630 807 statuae:
649 758 734 819 passim

67 820 157 869 sumunt
168 822 260 870 altaria:
280 824 327 870 dies
337 826 385 886 ejus
396 824 475 870 natalis
485 825 622 871 celebratur:
642 837 682 883 per
690 820 732 879 'li-

66 886 122 933 barii
133 901 160 933 ac
172 887 247 946 sejani
256 887 369 934 fortunam
376 891 478 951 juratur:
497 890 600 950 princeps
611 895 634 934 et
646 887 732 933 amicus

65 951 174 1013 principis
184 951 226 998 diis
237 955 428 1008 commendantur,
443 953 565 999 honoribus
576 951 679 1013 aequales,
691 965 732 1012 ap·

64 1015 187 1078 pellatione
198 1017 236 1062 vix
247 1018 352 1079 dispares.

99 1077 282 1142 [Adblandientis
292 1082 389 1129 fortunae
408 1097 490 1143 magna
501 1079 616 1129 accersire
627 1078 731 1133 subsidia,

64 1143 160 1192 Asinius
172 1146 253 1193 Gallus
264 1153 287 1193 et
298 1145 411 1194 Lentulus
423 1146 556 1193 Gaetulicus.
572 1145 621 1200 me,
638 1151 702 1206 patre
709 1149 733 1190 et

14 1244 18 1250 .
64 1223 136 1256 uxore
152 1211 262 1258 incertum
279 1226 307 1257 an
325 1213 401 1259 sobole
420 1212 507 1266 clarior,
526 1211 631 1273 Sejamun
643 1208 730 1262 sectari,

61 1285 152 1336 patrum
164 1275 271 1338 obsequia
279 1278 445 1337 appromittere,
456 1282 520 1323 tanto
531 1277 609 1330 acrius,
625 1273 685 1334 quod
701 1272 730 1319 ob

62 1354 142 1387 causas
153 1355 220 1402 supra
230 1349 364 1388 memoratas
374 1341 465 1388 'liberio
476 1348 536 1388 esset
545 1341 639 1386 invisus.
672 1335 728 1392 Hic,

61 1404 177 1466 legionum
189 1407 309 1468 superioris
321 1406 450 1454 Gemraniae
460 1406 556 1468 legatus,
568 1403 644 1465 Sejani
654 1401 728 1449 allini-

61 1477 133 1516 tatem
150 1471 249 1528 ambire;
273 1472 322 1532 ipso
342 1471 441 1533 principe
461 1471 560 1524 conscio,
579 1469 686 1520 obtinere,
705 1474 730 1512 et

60 1534 179 1589 exercitus,
197 1536 332 1596 inquorum
351 1544 527 1597 cognomentum
546 1533 727 1595 adsciscebantur

59 1599 212 1660 imperatores,
231 1601 314 1661 pignus
332 1601 494 1662 praemiumque
509 1599 630 1652 affinitatis,
648 1602 725 1647 orran-

60 1671 115 1710 tare.
149 1663 272 1725 Nunquam
292 1679 387 1710 sumrnae
404 1665 435 1710 rei
451 1664 542 1724 propior
556 1663 599 1709 fuit
611 1661 721 1723 Sejanus:

58 1736 82 1775 at
94 1743 139 1788 quo
149 1730 220 1783 altior,
233 1744 260 1775 eo
271 1730 344 1790 magis
355 1730 378 1774 in
388 1728 489 1784 lubrico;
507 1727 561 1774 eniti
571 1727 648 1780 valuit,
661 1740 722 1775 asse·

58 1794 97 1854 qui
117 1808 164 1839 non
182 1795 261 1854 potuit.
299 1792 358 1844 Cum
378 1792 481 1838 callidum
500 1790 585 1838 'Iiberii
606 1791 723 1852 ingenium

57 1858 118 1904 haud
130 1858 184 1904 alias
195 1859 267 1920 inagis
287 1859 415 1911 innotuerit,
427 1857 526 1916 nihilque
542 1857 570 1903 sd
585 1855 724 1909 memoriam,

56 1923 86 1968 ad
102 1923 229 1985 exemplum
244 1924 353 1969 illustrius
364 1923 459 1969 habeant
474 1921 571 1976 annales,
588 1921 612 1967 id
626 1918 722 1980 diligen·
744 1963 748 1970 ,

56 1987 103 2034 tius
113 2002 231 2049 exsequar.
750 1984 760 2023 ί
783 2014 792 2050 ‚¹

90 2049 212 2115 [liberius
231 2058 379 2114 gravescente
398 2057 470 2103 aetate.
487 2049 602 2096 lrlridinum
618 2044 747 2093 immodi-

55 2130 102 2171 cus,
114 2117 252 2179 principatus
263 2130 338 2163 tamen
347 2117 439 2161 minime
447 2114 578 2169 incuriosus,
589 2113 643 2174 ipsis
653 2111 722 2158 etiam
733 2138 752 2157 ι.
763 2126 789 2146 ¹-
803 2108 824 2153 :⁴

54 2181 116 2227 vitiis
127 2183 156 2228 ad
166 2182 289 2228 occulenda
299 2181 393 2227 consilia
408 2179 570 2239 tutandamque
586 2176 722 2223 dominatio·
769 2194 778 2229 ς
798 2174 805 2184 ’

54 2260 107 2292 nem
119 2247 229 2292 utebatur.
262 2247 341 2307 Specie
353 2244 442 2306 quidem
453 2245 514 2290 iners
524 2254 634 2288 summam
646 2254 721 2288 rerum
808 2262 811 2267 ·

55 2311 138 2371 Seiano
149 2311 302 2371 permittebat:
324 2311 364 2356 sed
379 2323 493 2369 nunquam
503 2306 547 2353 iuit
564 2305 678 2360 oculatior,
697 2310 724 2351 ut

52 2376 127 2420 virum
139 2376 300 2437 introspiceret,
320 2389 387 2435 quem
402 2375 488 2420 socium
498 2370 614 2432 dignitatis
624 2370 722 2424 volebat,

53 2454 181 2486 eversorem
196 2441 322 2486 verebatur.
361 2437 498 2484 Inclirmtum
519 2437 547 2482 ad
568 2435 719 2496 suspicionem

53 2503 154 2614 anpmum
172 2505 268 2550 advertit
288 2503 395 2551 Gaetulici
414 2502 517 2561 affinitas,
535 2500 633 2546 firmavit
644 2496 719 2550 Asinii

53 2577 74 2615 st
91 2569 166 2615 dium:
186 2576 210 2616 et
220 2577 269 2615 arte
278 2566 385 2631 plurimi,
400 2568 452 2631 ipsa
466 2565 558 2614 simoin
567 2563 678 2613 caussis
691 2561 736 2603 mu

45 2633 177 2680 nemnem
188 2633 265 2683 aaut
277 2637 371 2686 aaran
383 2635 477 2697 ceste,
488 2633 529 2683 'us
536 2620 757 2685 mensatim
