1680 2910
66 137 163 182 ncne.
203 135 397 187 susurrum
413 133 511 210 narr.
524 134 634 186 case.
699 141 732 187 ss

65 269 219 324 succederent
228 269 334 332 gravibus
342 282 438 329 superne
447 267 527 314 ictibus
538 266 731 317 conflictabantur.

64 335 147 387 ‚Sensit
156 334 203 381 dux
212 335 320 396 imparem
331 333 457 380 comminus
470 346 578 394 pugnam,
595 333 731 395 remotisque

63 399 161 462 paulum
172 399 305 461 legionibus,
321 397 447 445 funditores
457 397 615 458 libratoresque
626 406 733 445 excutere

63 464 113 511 tela
123 471 148 511 et
157 465 289 525 proturbare
301 463 468 523 bostemjubet,
500 461 602 509 Misaaee
613 463 732 510 tormentis

68 530 146 584 bastae,
169 534 299 589 quantoque
316 527 431 588 conspicui
452 526 527 588 magis
546 535 731 589 propugnatores,

68 599 133 641 tsnto
154 593 255 656 pluribus
272 591 400 639 vulneribus
421 590 508 654 dejecti.
540 590 631 639 Primus
654 590 734 640 Caesar

67 655 730 782 3,miqqqqqsufflffiuffi,

137 738 152 769 v
186 740 192 768 ι
225 738 240 768 o
341 737 354 767 c
566 753 572 767 .
632 737 658 769 os
719 737 734 769 a

68 795 135 849 tergo
142 786 214 849 palus,
225 785 343 833 Romam
350 783 435 832 flumen
446 791 485 832 aut
492 791 581 832 montes
588 786 734 833 claudebant:

68 853 172 912 utrisque
182 850 304 898 nenessitas
316 850 341 896 in
356 849 414 905 loco,
431 864 483 911 spes
492 850 516 896 in
528 849 617 907 virtute,
634 851 694 898 salus
704 865 734 899 ex

68 915 172 964 vicunt.

102 979 178 1028 xxl.
192 979 244 1028 Nec
257 982 332 1027 minor
344 980 464 1029 Gennenis
477 979 577 1038 animus;
594 980 634 1026 sed
646 995 732 1042 genere

68 1061 154 1109 pugnas
164 1054 189 1092 et
198 1060 312 1092 armorum
323 1046 496 1107 superabantur3
513 1045 657 1107 contingens
670 1045 730 1091 mul·

65 1110 143 1166 ,titudo
153 1111 221 1158 arctis
231 1110 287 1157 locis
297 1111 424 1172 praelongas
434 1111 509 1156 hastas
524 1123 571 1155 non
581 1109 731 1171 protenderet,

62 1191 115 1223 non
126 1174 250 1237 colligeret,
266 1190 339 1235 neque
348 1174 467 1222 assultibus
482 1181 506 1220 et
520 1173 640 1220 velocitate
650 1189 731 1234 corpo-
754 1197 756 1200 v

58 1255 120 1289 erum
138 1246 246 1295 uteretur,
268 1245 346 1286 coacta
364 1239 442 1286 stabile
461 1238 489 1285 ad
510 1237 628 1300 proelinm:
651 1245 732 1285 contra

66 1305 139 1362 miles,
154 1306 191 1352 cui
202 1312 290 1352 scutum
301 1305 386 1366 pectori
396 1317 532 1366 appressum,
549 1309 572 1349 et
583 1302 681 1349 insidens
692 1318 729 1350 ca·

65 1370 121 1434 pulo
130 1385 219 1426 manus,
229 1370 288 1417 latos
295 1370 437 1416 barbarorum
446 1375 514 1423 artus,
526 1368 586 1414 nuda
592 1383 632 1414 ora
636 1367 731 1423 foderet,

64 1435 171 1497 viamque
182 1442 258 1497 strage
268 1434 365 1481 bostium
377 1433 482 1496 aperiret:
495 1434 615 1494 imprcmto
621 1433 670 1494 jam
682 1432 728 1479 Ar·

65 1501 144 1556 minio,
156 1500 185 1547 ob
196 1500 302 1547 continua
311 1499 416 1561 pericula,
428 1499 476 1546 siue
485 1497 548 1544 illum
560 1512 638 1545 recens
648 1512 728 1559 accep·

64 1571 114 1613 tum
124 1564 209 1613 vulnus
216 1564 350 1611 tardaverat.
383 1563 445 1617 Quin
456 1570 480 1610 et
491 1560 668 1624 Inguiomerum,
680 1560 730 1609 toti

63 1630 198 1677 volitantem
209 1630 264 1684 acie,
274 1627 365 1676 fortune
375 1629 455 1690 magia,
469 1642 536 1689 qnam
547 1627 627 1685 virtus,
639 1628 727 1675 desere·

59 1695 112 1742 bnt:
132 1701 157 1742 et
176 1694 333 1749 Germanicus,
349 1709 395 1755 quo
411 1693 484 1754 magis
502 1699 667 1754 agnosceretur,
687 1692 728 1739 de·

64 1767 165 1807 traxerat
175 1759 275 1820 tegimen
287 1759 360 1820 capiti,
377 1758 502 1818 orabatque,
518 1759 650 1804 insisterent
658 1757 726 1803 caedi·

63 1826 121 1872 bus:
140 1823 174 1871 nii
187 1839 244 1886 opus
259 1824 357 1886 captivis,
376 1823 447 1869 solem
461 1823 637 1869 internecionem
651 1823 728 1883 gentis

58 1888 132 1937 ‚finem
142 1888 269 1937 bello-fore.
301 1886 398 1948 Jamque
408 1903 458 1935 sero
469 1887 512 1933 diei
527 1887 630 1933 subducit
640 1900 669 1932 ex
680 1886 728 1932 acie

62 1954 178 2017 legionem
188 1952 296 2001 faciendis
307 1953 395 1999 castris:
415 1959 504 1998 caeterae
513 1951 541 1998 ad
549 1957 638 1997 noctem
647 1965 727 1998 cruore

61 2019 163 2067 bostium
174 2019 260 2066 setiatae
272 2024 336 2064 sunt:
356 2018 442 2078 equites
453 2016 557 2076 ambigue
567 2012 688 2061 certavere.

95 2079 184 2131 XXII.
200 2081 309 2129 Laudatis
322 2097 363 2144 pro
380 2082 489 2128 concione
502 2080 630 2134 victoribus,
648 2077 727 2127 Caesar

21 2184 28 2279 ζ
61 2144 725 2270 ⁰133:ssss,tutunditduumuiri:

59 2279 132 2327 citum
143 2275 229 2324 Tiberii
240 2275 339 2325 Caesaris
352 2291 380 2324 ea
393 2275 532 2322 monimenta
546 2273 616 2320 Marti
632 2281 656 2319 et
671 2272 725 2322 Jori

61 2350 87 2391 et
100 2342 209 2405 Augusto
220 2343 349 2390 sacravisse.
380 2340 420 2387 De
430 2355 455 2386 se
465 2339 521 2385 nibil
531 2338 598 2393 addit,
614 2346 677 2385 metu
688 2339 724 2385 in·

61 2408 137 2463 vidiae,
153 2422 182 2454 an
195 2413 263 2461 ratus,
279 2407 438 2454 conscientiam
448 2404 502 2450 facti
512 2404 566 2450 satia
576 2418 632 2451 esse.
666 2403 726 2450 Mox

54 2473 146 2521 -bessom
152 2472 177 2518 in
184 2471 333 2533 Angrivarios
340 2471 448 2518 Stertinio
455 2468 553 2522 mandat,
558 2468 581 2514 ni
590 2468 727 2514 deditionem

59 2536 253 2601 properarissentz
272 2543 339 2600 atque
352 2535 387 2584 illi
400 2534 525 2601 supplices,
536 2533 599 2582 riin'd
610 2529 747 2579 dumento,

58 2603 147 2650 veniam
157 2603 262 2653 omnium
274 2603 395 2672 accepere.

18 2694 22 2699 ·
80 2664 187 2721 XXIII.
204 2671 261 2735 Sed,
274 2678 423 2748 aestgtejam
431 2646 784 2734 &dugfflonumffiffiffi
