1680 2910
109 150 159 197 900
191 140 385 194 ΑΝΝΔῙᾸΠΜ
396 140 450 190 Lu.
461 138 633 191 vienna
665 146 779 196 uenat

114 279 179 343 (nam
190 276 251 323 saxis
261 275 342 322 domus
352 272 466 335 imminet)
485 274 580 336 preibat
590 288 651 329 eam,
670 277 739 340 cnjus
747 290 781 323 sr-

115 352 162 390 tem
173 340 270 403 experiri
280 338 385 386 Tiberius
396 340 517 394 statuisset,
535 347 559 386 et
574 340 748 403 regredientem,
764 341 782 389 d

115 407 222 455 vanitatis
232 412 272 451 aut
284 404 388 451 fraudum
400 405 496 466 suspicio
507 405 638 460 incesserat.
655 408 680 453 in
697 408 781 471 sufflet·

115 480 164 519 tum
184 484 247 516 mare
263 470 422 531 praecipitabat,
440 485 470 516 ne
491 470 560 516 index
570 472 647 517 arcam
658 472 784 519 exsisteret.

116 536 192 599 Igitur
202 533 343 596 Thrasyllus,
351 534 430 580 iisdem
439 535 530 596 rupibus
541 536 654 591 inductus,
665 544 783 599 postquam

115 607 287 664 percontantem
300 608 459 653 commoverat,
476 600 596 661 imperium
606 602 658 663 ipsi,
672 608 701 648 et
711 602 784 649 linars

118 666 220 713 sollerter
230 664 372 726 patefaciens,
392 665 549 727 interrogatur,
570 680 599 711 an
617 680 682 712 suam
697 682 785 728 quoqrm

117 731 240 794 genitalem
260 731 338 775 horam
357 730 516 791 comperisset:
536 744 603 791 quem
623 738 673 777 tum
695 747 783 787 anama,

118 796 207 857 qualem
218 796 277 841 diem
287 794 398 840 haberet?
416 792 465 848 Ille,
485 795 572 855 positas
583 795 683 842 siderum
695 812 723 843 ac
736 812 784 860 spa·

117 862 149 908 tia
161 862 281 913 dimensus,
293 860 380 906 haerere
387 860 466 921 primo,
477 860 530 906 dein
536 874 664 921 pavescere,
676 868 708 914 et,
716 876 785 922 quan·

118 934 168 973 tum
178 925 341 986 introspiceret,
360 925 433 985 magis
450 926 560 986 armagis
575 926 677 986 trepidus
689 926 785 981 admira·

120 991 221 1037 tinniret
232 989 313 1042 mettis,
331 996 445 1050 postremo
461 989 580 1045 exclamat,
601 992 735 1052 ambiguum
746 992 785 1039 sibi

118 1070 146 1103 ac
153 1070 223 1117 prope
230 1055 334 1101 ultimum
345 1054 465 1100 discrimen
475 1055 566 1101 instare
583 1053 645 1101 Tum
657 1057 787 1119 complexas

119 1135 171 1168 eum
183 1118 293 1175 tibertus,
310 1120 429 1181 praescium
445 1118 595 1181 periculorum
612 1127 637 1167 et
651 1121 787 1169 incolumem

119 1186 175 1240 sore,
195 1190 313 1247 gratatur;
330 1199 426 1245 quaeque
444 1185 538 1239 dixerat,
558 1185 644 1231 oraculi
660 1186 713 1233 vioe
732 1188 788 1234 soci·

121 1252 192 1314 piens,
203 1251 262 1296 iuter
273 1250 365 1295 intimos
376 1250 499 1295 amicorum
510 1256 579 1296 tenet.

154 1313 241 1361 xxn.
259 1314 305 1361 Sed
314 1314 376 1368 milri,
388 1315 437 1361 haec
448 1315 533 1362 actalia
544 1315 649 1370 audienti,
666 1316 690 1362 in
702 1316 788 1365 incerto

116 1381 228 1444 judicium
239 1386 280 1433 est
291 1379 381 1425 lato-ue
388 1395 423 1425 res
431 1380 559 1426 mortalium
568 1388 591 1426 et
601 1381 738 1429 necessitate
745 1382 787 1429 lm·

123 1444 229 1499 mutabili,
242 1459 269 1490 an
286 1442 345 1490 forte
358 1445 493 1491 volvantur:
512 1446 594 1507 quippe
611 1446 788 1508 sapientissimos

124 1519 232 1565 veterum,
244 1510 327 1570 quique
338 1516 422 1556 sertam
437 1525 515 1556 eorum
527 1511 670 1569 aemulantur,
688 1512 788 1561 diversos

123 1575 237 1639 reperies;
259 1590 284 1621 ac
301 1575 379 1621 multis
397 1575 488 1621 insitam
508 1576 642 1637 opinionem,
662 1590 708 1623 non
726 1577 789 1624 initia

124 1642 202 1693 nostri,
215 1655 260 1686 uon
272 1639 346 1693 linem,
363 1655 409 1686 non
421 1641 516 1702 denique
527 1641 629 1687 homines
644 1638 699 1688 Diis
710 1656 786 1689 carae:

123 1706 174 1751 ideo
185 1705 318 1750 creberrime
329 1711 352 1750 et
363 1706 436 1751 tristia
446 1707 470 1751 in
480 1707 558 1760 bonos,
574 1712 598 1753 et
614 1706 669 1752 laeta
679 1706 740 1768 apud
750 1707 788 1754 ‹le-

123 1769 217 1816 trrlorcs
228 1783 283 1815 esse.
318 1767 405 1816 Contra
416 1770 459 1824 alii,
478 1769 549 1817 latum
561 1771 650 1831 quidem
663 1786 790 1834 congruere

124 1835 196 1888 rebus,
216 1840 302 1894 putant,
322 1835 362 1880 sed
381 1836 527 1896 nonevagis
544 1837 621 1890 stellis,
640 1850 720 1882 verum
732 1837 790 1899 apud

123 1899 231 1962 priucipla
248 1906 271 1944 et
291 1913 363 1946 nexus
374 1900 508 1946 naturalium
519 1915 651 1947 causarum:
671 1909 790 1949 notamen

124 1965 257 2012 electionem
275 1965 329 2010 ritae
348 1966 412 2011 uobis
427 1964 569 2024 relinquunt3
587 1980 655 2026 quam
667 1967 704 2012 ubi
715 1967 791 2029 elege-

124 2031 162 2086 ris,
180 2037 266 2076 certum
277 2030 443 2076 imminentium
454 2030 569 2076 ordinem:
590 2046 663 2091 neque
679 2031 740 2079 mala
756 2032 792 2078 rel

123 2097 189 2149 bona,
201 2108 252 2156 quae
263 2096 347 2157 vulgus
357 2102 434 2156 putet:
454 2095 545 2151 multos,
565 2096 603 2156 qui
616 2094 741 2143 conflictari
752 2096 791 2143 ad·

123 2161 196 2206 versis
216 2160 339 2217 videantur,
361 2161 446 2214 beatos,
466 2174 492 2206 ao
511 2160 635 2223 plerosque,
655 2176 791 2222 quamquam

125 2238 220 2286 magnas
231 2240 270 2285 per
281 2240 342 2286 opes,
361 2225 513 2282 miserrimos;
531 2227 549 2272 si
566 2226 598 2272 illi
613 2240 707 2288 gravem
718 2225 791 2273 tortu·

125 2304 177 2335 nam
190 2296 320 2336 constanter
330 2291 433 2343 tolerent,
445 2291 468 2336 hi
475 2289 582 2352 prosperi
589 2291 718 2338 inconsulte
726 2300 792 2338 utan-

124 2361 169 2399 tur.
208 2351 323 2399 Caeterum
342 2355 443 2415 plurimis
461 2357 590 2403 mortalium
612 2371 658 2402 uon
679 2357 792 2410 eximitur,

125 2419 180 2479 quin
191 2419 263 2479 primo
275 2420 383 2481 cujusque
401 2427 452 2466 ortu
468 2428 564 2468 ventura
579 2422 732 2468 destinentur:
753 2421 792 2468 sed
827 2463 830 2467 .

125 2483 228 2543 quaedam
240 2498 312 2537 secus,
323 2499 390 2544 quam
401 2485 460 2532 dicta
476 2486 527 2538 sint.
545 2486 630 2540 cadere,
649 2486 746 2533 fallaciis
757 2487 792 2549 ig·

125 2564 179 2595 nara
191 2548 327 2595 dicentium:
347 2551 379 2596 ita
390 2553 501 2613 corrumpi
512 2551 579 2598 fidem
591 2552 650 2605 artis,
661 2552 725 2612 cujus
733 2552 793 2598 clara

120 2615 262 2666 documenta
272 2622 297 2665 et
308 2616 405 2679 antitpra
413 2625 473 2662 aetas
483 2623 508 2661 et
516 2621 598 2661 nostra
604 2614 692 2658 tuterit.
710 2615 803 2671 (ΜΨ

110 2700 126 2734 a
143 2684 193 2736 fillo
210 2686 320 2754 ejusdem
331 2682 457 2744 Thrasylli
474 2680 617 2744 predictum
627 2672 817 2726 Resonxs'xmpe·
