1680 2910
95 118 146 165 1⁶0
176 114 369 166 ANNALIUM
384 111 614 164 hammon
640 116 764 166 uum

125 245 197 294 LIX.
215 247 251 293 Ac
261 246 320 294 forte
330 246 373 293 illis
383 246 460 293 diebus
471 246 569 292 oblatum
579 242 668 294 caesari
679 257 762 305 anceps

94 313 218 374 periculum
229 313 292 358 auxit
302 327 361 358 vana
372 312 481 368 rumoris;
498 311 638 373 praebuitque
651 309 696 370 ipsi
711 323 760 355 ms·

93 377 180 430 teriem,
203 391 243 422 cur
264 377 368 422 amicitiae
390 377 567 436 constantiaeque
586 373 664 436 Sejani
686 373 761 435 magis

93 439 178 487 fideret
210 440 365 487 Vescebantur
381 441 405 486 in
422 438 481 494 villi,
498 441 532 486 cui
550 440 685 486 uocabulum
701 438 759 499 Spe·

92 505 173 560 luncae,
185 520 247 553 mare
258 505 410 553 Antuclanum
421 506 480 550 inter
487 504 654 564 Fundanosque
663 511 760 557 montes,

93 570 170 616 nativo
182 571 205 617 in
217 586 296 632 specu:
315 571 363 632 ejus
375 585 407 625 os,
421 570 488 630 lapsis
498 577 590 630 repente
600 569 670 625 saxis,
685 567 760 614 obruit

92 635 200 695 quosdam
216 636 343 683 ministros:
363 635 415 681 hinc
431 642 505 681 metus
521 636 544 681 in
559 649 645 688 omnes,
663 641 687 679 et
701 631 759 695 fuga

91 714 169 746 eorum
188 701 225 760 qui
244 701 373 747 convivium
392 699 539 745 celebrabant.
570 699 673 761 ScJanus,
695 712 757 760 genu

90 764 202 825 vultuque
218 776 240 812 et
251 765 353 811 manibus
364 779 430 826 super
442 761 556 812 Caesarem
567 778 697 826 suspensus,
715 778 756 825 op·
790 764 793 769 ⁴

91 830 167 891 posuit
182 845 231 876 sese
245 829 409 886 incidentibus;
427 835 494 890 atque
508 829 584 875 habitu
598 828 638 874 tali
654 834 756 889 repertus

91 900 126 940 est
137 909 150 940 a
161 895 273 947 militibus,
285 895 323 955 qui
335 894 431 940 subsidio
439 900 554 940 venerant.
587 892 702 956 Majorex
711 907 752 939 eor

91 965 121 1012 et,
138 973 270 1021 quamquam
282 960 377 1006 exitiosa
391 959 499 1013 suaderet,
517 964 542 1005 ut
554 973 600 1004 nnn
614 958 648 1004 sui
666 956 754 1012 anxius

90 1037 143 1069 cum
158 1022 202 1070 fide
215 1024 351 1071 audiebatur.
383 1023 578 1082 Assimulabatque
589 1023 669 1069 indicis
680 1028 755 1085 par⁴aes

89 1088 195 1135 adsersus
207 1089 338 1137 Germanici
354 1090 453 1150 stirpem,
470 1087 569 1142 subditis,
585 1088 624 1149 qui
637 1092 754 1134 accusato·

89 1167 139 1198 rum
159 1154 250 1202 nomina
267 1155 410 1209 sustinerent,
432 1154 574 1212 maximeque
590 1153 756 1199 insectarentur

89 1215 213 1274 Neronem,
224 1221 350 1281 proximum
362 1218 505 1273 successioni,
516 1224 546 1272 et,
557 1231 693 1278 quamquam
703 1231 754 1263 mo·

88 1280 153 1330 desti
159 1283 260 1346 juventi,
276 1285 407 1346 plerumque
417 1291 499 1336 tamen,
516 1283 569 1343 quid
583 1283 606 1328 in
621 1281 753 1343 praesentis·

89 1362 139 1393 rum
151 1349 291 1404 conduceret,
303 1349 403 1409 oblitum,
415 1349 468 1394 dum
480 1362 493 1393 a
503 1347 587 1394 libertis
595 1355 618 1393 et
627 1346 751 1402 clientibus,

88 1413 214 1472 apiscendae
220 1415 326 1474 potentiae
334 1413 441 1476 properis,
450 1412 612 1465 exstimulatur,
620 1419 645 1458 ut
652 1418 752 1459 erectum

87 1483 111 1522 et
122 1475 227 1523 fidentem
238 1479 305 1524 animi
316 1478 459 1525 ostenderet:
478 1477 537 1525 velle
547 1477 569 1522 id
580 1478 689 1539 populum
700 1475 751 1523 Ro-

87 1554 186 1595 manum,
206 1557 287 1603 cupere
305 1544 431 1600 exercitus3
454 1558 526 1603 neque
548 1557 653 1588 ausurum
672 1548 753 1587 contra

88 1604 201 1668 Sejanum,
214 1608 251 1666 qui
263 1623 322 1654 nunc
336 1609 466 1670 patientiam
478 1608 538 1655 senis
548 1614 571 1653 et
582 1607 703 1670 segnitiam
709 1607 751 1670 ju·

88 1671 153 1716 venis
160 1671 227 1730 juxta
237 1672 335 1719 insultet

118 1732 174 1779 LX.
191 1735 251 1782 Haee
262 1745 328 1797 atque
339 1739 391 1785 talia
398 1739 497 1785 audienti
509 1737 564 1783 nibil
571 1737 662 1797 quidem
673 1750 751 1798 pravae

85 1798 229 1859 cogitationis
237 1818 245 1858 3
263 1802 302 1847 sed
319 1803 429 1849 interdum
447 1817 515 1850 voces
529 1801 678 1864 procedebant
693 1816 749 1848 con-

85 1867 186 1910 tumaces
201 1872 224 1910 et
236 1866 385 1924 inconsultae;
403 1883 458 1927 quas
475 1868 568 1928 appositi
586 1866 690 1912 custodes
707 1880 748 1912 ex-

81 1933 160 1988 ceptas
171 1937 291 1992 auctasque
301 1947 352 1978 cum
362 1931 479 1985 deterrent,
492 1947 564 1992 neqne
572 1930 660 1977 Neroni
669 1929 748 1977 desen·

83 1991 137 2039 dere
150 1994 245 2049 daretur,
262 1995 357 2042 diversae
373 1998 464 2058 insuper
478 1997 653 2043 sollicitudinum
667 1996 749 2045 sormoe

83 2058 223 2104 oriebantur:
243 2075 295 2105 nam
315 2062 371 2107 alius
388 2077 506 2107 occursum
524 2062 572 2123 ejus
591 2061 676 2108 vitare:
698 2063 748 2123 qui·

82 2121 141 2177 dam,
159 2124 292 2171 salutatione
304 2125 394 2180 redditi,
409 2127 484 2172 statim
499 2128 580 2172 averti:
600 2127 701 2187 plerique
711 2128 747 2173 in·

82 2195 172 2247 ceptum
189 2203 315 2235 sermonem
332 2191 475 2252 abrumpere:
495 2192 650 2237 insistentibus
669 2198 749 2241 contra

80 2250 274 2312 irridentibusque,
283 2255 320 2313 qui
333 2255 414 2317 sejano
424 2255 524 2302 fautores
535 2257 634 2303 aderant
663 2255 747 2303 Enim·

80 2330 135 2361 vero
146 2315 250 2362 Tiberius
261 2325 346 2373 torvus,
358 2327 397 2366 aut
404 2320 485 2367 salsum
494 2322 597 2368 renidens
608 2321 687 2368 vultu:
708 2336 748 2367 seu

81 2379 216 2439 loqueretun
235 2397 274 2429 seu
291 2389 375 2430 taceret
384 2387 482 2446 juvenis,
500 2388 585 2432 crimen
601 2402 630 2432 ex
649 2387 748 2443 silentio,

79 2459 111 2490 ex
127 2461 198 2492 voce:
219 2461 248 2492 ne
264 2461 313 2494 nox
331 2450 419 2508 quidem
435 2466 527 2507 secura;
546 2466 597 2497 eum
614 2467 673 2497 uxor
686 2453 747 2514 vigi·

80 2509 129 2564 lias,
143 2526 241 2566 somnos,
254 2513 348 2575 suspiria
358 2515 424 2560 matri
436 2514 515 2570 Liviae,
528 2522 595 2575 atque
606 2516 645 2561 illa
657 2516 747 2579 Scjiano,

70 2574 224 2637 patefaceret:
243 2579 283 2643 qui
299 2577 394 2628 fratrem
410 2594 501 2641 quoque
511 2578 751 2633 bleronisfflmsum,

60 2644 138 2693 traxit
147 2645 173 2694 in
184 2655 275 2715 partes,
293 2664 335 2715 spe
348 2641 768 2713 objectiprincipislce'uitpimrsm
