1680 2910
116 45 166 91 rso
302 32 597 87 SUPPLmN'l'UM
670 38 785 91 mutu·

117 164 783 221 ommeunmimrmmineivinmfimoeuitre-

116 237 186 298 ligio:
206 233 300 281 sienim
311 233 386 279 divam
404 231 452 279 leti
470 232 579 289 subrent,
596 233 623 280 in
641 248 691 289 eos,
708 235 742 281 uti
757 234 786 283 ab

117 307 215 348 mortem
231 298 318 355 hilares,
337 298 511 355 advertebatur;
573 306 707 355 ment,
723 300 784 361 quan'

118 365 205 412 numini
230 378 309 425 parum
332 363 415 416 devoti,
437 361 615 423 plectebantur:
643 364 784 413 laurentiis

118 430 231 491 utrimque
240 426 284 475 fuit
294 428 421 475 discrimen

151 490 193 556 [ln
204 494 245 539 bac
255 490 341 540 furiosi
350 490 503 539 inconstantib
512 492 624 556 prinoepr,
642 492 726 543 firmus
735 494 784 543 libi-

119 559 204 613 dlnum,
217 557 299 605 Lolliae
312 556 414 604 Pauline
424 556 499 603 subito
509 572 588 605 umore
600 560 696 607 macir.
729 558 786 607 svi-

117 632 192 673 tarum
211 638 279 686 opum
298 622 357 669 baud
375 622 457 677 minus,
476 636 544 682 quam
560 622 652 680 sormoe,
671 638 786 687 appetas,

119 703 177 743 mm,
188 687 302 735 Memmio
312 686 411 749 Regulo,
423 686 542 743 consrrlari,
550 694 600 735 tum
610 690 728 737 marcirias
738 704 786 737 rso·

119 755 169 809 tori,
191 762 290 816 nuptm,
308 750 593 813 expmsinciievocarit3

118 818 228 873 marito,
240 826 265 864 ut
275 816 321 871 illd,
332 817 402 863 veluti
413 817 485 877 patrio
494 818 553 879 jure,
563 818 663 872 cederet,
675 820 718 867 sibi
729 836 784 867 eon-

113 884 199 947 junxit.
231 882 345 944 Singulari
355 882 482 943 rapinarum
496 881 589 937 fodere,
606 884 719 934 sollennia
729 898 786 947 nup·

118 949 200 995 siarum
212 956 329 1009 apparamus
339 948 425 1009 imperii
437 945 536 994 Romani
546 956 570 994 et
580 946 686 996 Orientis
695 950 787 999 divitias

117 1013 245 1075 explicavit.
278 1011 385 1074 Princeps
402 1012 509 1074 prodigus
523 1027 626 1059 corrasor
640 1015 745 1063 eodinus
759 1030 785 1063 as

119 1077 318 1141 proscriptionibus
329 1078 444 1123 tbesauros
455 1078 595 1125 ostentabat:
612 1092 673 1125 uxor
682 1094 786 1143 amang-

121 1144 163 1198 dis,
185 1142 320 1205 margaritis,
341 1142 435 1203 aliisque
454 1142 620 1203 prouinciarum
643 1158 656 1189 s
686 1144 731 1199 liis,
749 1160 786 1191 re·

121 1222 206 1269 gumve
217 1207 318 1254 Orientis
335 1208 471 1261 muneribus,
490 1208 518 1253 ab
535 1222 578 1255 rvo
597 1206 635 1255 Μ.
707 1210 714 1221 “
747 1225 788 1273 per

122 1272 185 1321 nefas
196 1272 304 1332 quaesitis,
315 1278 395 1319 onusta
406 1272 553 1332 spectabatur.

155 1336 232 1400 [Male
243 1338 341 1382 ominata
351 1337 455 1383 connubii
465 1337 547 1398 gaudia
558 1339 648 1399 excepit
660 1338 731 1401 digna
746 1355 787 1389 ve·

121 1408 170 1451 tere
180 1399 263 1455 Romi,
274 1401 447 1460 melioribusque
457 1402 594 1463 temporibus
605 1418 681 1451 merar-
709 1402 788 1460 Caius,

122 1468 212 1522 exteris,
224 1481 290 1527 quum
301 1465 436 1521 domesticis,
452 1467 517 1513 rebus
528 1467 642 1521 intentior,
660 1477 745 1530 gentes
761 1486 787 1519 ac

120 1547 192 1594 regna
202 1532 306 1578 diribuit:
327 1530 426 1591 nihilque
440 1531 521 1594 priaeae
535 1532 659 1594 majestatis
670 1535 790 1583 omiserim.

125 1595 179 1658 Ipse
190 1596 250 1643 enlm
261 1597 319 1643 inter
336 1595 441 1647 consides
456 1595 519 1643 sollte
535 1596 607 1643 curuli
623 1598 647 1643 in
663 1598 715 1646 foro
732 1600 787 1647 inri-

120 1660 183 1714 dens,
204 1660 259 1711 velis
276 1661 359 1716 sericis,
376 1669 402 1707 ut
412 1660 500 1721 quidam
568 1662 573 1672 ’
590 1660 635 1717 tre,
655 1663 788 1726 inteq'ectis,

122 1726 259 1786 recitatoque
274 1726 487 1779 senatus-consuto,
519 1736 612 1773 tumeam
631 1726 734 1777 Sobemo
751 1745 789 1779 ss·

123 1790 235 1852 signavit:
255 1787 324 1851 Cotyi
340 1789 473 1837 Anneniam
488 1791 597 1837 minorem
614 1792 692 1840 dedit:
712 1793 789 1843 Rao-

122 1855 212 1903 metalci
222 1853 350 1909 Tbtcciam,
368 1856 440 1916 ipsum
459 1856 517 1902 inter
527 1863 550 1903 et
562 1854 640 1917 Cotyn
650 1865 720 1907 antea
730 1860 789 1907 divi·

123 1936 178 1975 sant,
190 1921 302 1983 integrm
313 1920 428 1983 permisit:
449 1919 596 1969 Polemonem
607 1930 704 1983 paterno
715 1940 789 1987 regno

122 1986 222 2035 donavit

155 2050 280 2113 [Placitum
295 2065 384 2111 quoque
402 2057 429 2097 ut
447 2049 556 2115 Agrippa,
575 2052 670 2114 principi
687 2053 789 2111 intimus,

123 2122 240 2177 acceptum
258 2131 317 2163 anno
337 2116 450 2177 superiore
469 2131 564 2178 regnum
586 2119 700 2173 inviseret,
719 2136 789 2182 spon·

124 2180 188 2226 sione
198 2181 259 2241 prius
269 2179 335 2234 sacti,
348 2195 379 2234 se,
391 2181 427 2227 ubi
437 2181 535 2243 primum
547 2197 588 2244 per
598 2184 692 2245 negotia
702 2185 788 2239 liceret,

125 2243 223 2291 Romam
245 2260 395 2292 reversurum·
432 2245 534 2293 Puteolis
555 2246 676 2307 profectus,
702 2249 789 2297 Etesiis

123 2310 234 2365 flautibus,
248 2309 409 2357 Alexandriam
420 2312 499 2372 petiit;
517 2326 569 2357 eum
587 2314 682 2360 comiter
700 2316 790 2376 excepit

125 2374 219 2425 Flaccus
232 2376 337 2428 Auillius,
357 2375 455 2437 AEgypti
473 2391 571 2438 praeses:
591 2384 615 2423 at
626 2379 744 2441 dignitatis
754 2381 790 2425 in·

124 2441 195 2495 aidus,
208 2440 354 2500 infensusque
363 2439 458 2496 Judaeis,
476 2442 563 2489 animos
574 2443 651 2503 plebis,
663 2447 686 2489 in
699 2451 789 2491 extero·

123 2520 174 2553 rum
198 2506 327 2555 irrisionem
344 2513 452 2569 promte,
467 2505 530 2553 toste
541 2507 653 2558 incedut,
670 2516 733 2552 ecoe
745 2524 796 2553 ooo.

121 2574 233 2625 miscuit
270 2573 310 2625 uo
332 2572 410 2623 creuit
420 2569 558 2625 insolentia,
569 2574 608 2617 ut·
620 2580 705 2623 usqam
714 2567 817 2613 ‘nummu

703 2796 831 2813 ...—
