1680 2910
66 193 163 232 ΜΗ.
209 186 402 234 ANNALIUM
419 186 634 236 L1nV.‘Csr.10.
686 192 731 235 187

72 319 110 365 oui
118 317 238 380 praefectus
248 326 303 373 erat,
318 326 341 366 et
351 319 469 366 militarem
480 319 606 381 pecuniam,
617 319 683 365 rebus
694 333 737 365 no·
753 342 755 346 ·

70 384 109 431 vis
120 383 241 430 obtulisse:
260 384 313 431 huie
326 399 340 430 a
351 382 466 438 Considio,
483 383 582 445 praeturd
595 383 680 438 functo,
697 384 738 430 ob·

66 449 197 511 jectabatur
207 449 264 494 AElii
276 449 336 496 Galli
348 449 450 503 amicitia,
465 449 510 509 qui,
521 449 600 510 punito
612 449 701 511 sejano,
713 449 737 495 in

71 514 152 561 hortos
174 513 302 574 Pomponii,
324 512 540 574 qusstfidiuimum
561 513 589 560 ad
608 513 738 568 subsidium,

72 577 222 640 perfugisset:
237 594 311 638 neque
320 579 380 625 aliud
390 579 564 640 periclitantibus
575 579 658 633 auxilii,
670 593 737 638 quam

71 643 98 690 in
108 642 203 689 fratrum
214 641 341 690 constantii
350 643 399 697 suit,
411 644 448 703 qui
459 645 528 689 vades
535 640 648 690 exstitere
669 642 738 698 Mox,

69 709 158 754 crebris
170 708 336 769 prolationibus,
349 722 412 769 spem
424 724 449 755 ac
460 717 545 754 metum
552 709 620 769 juxta
629 715 739 769 gravatus

73 771 189 827 Vitellius,
200 774 277 834 petito,
293 789 333 835 per
343 773 439 835 speciem
450 773 581 826 studiorum,
597 773 692 834 scalpro,
704 773 738 818 lc·
756 796 759 800 ·

74 851 127 884 vern
136 839 208 883 ictum
220 839 284 884 uenis
294 838 385 891 intulit,
394 838 507 899 vitamque
522 837 654 898 aegritudine
670 837 739 883 animi

73 900 156 951 finivit.
189 901 223 948 At
233 902 380 962 Pomponius,
398 901 471 949 multi
487 916 575 948 morum
586 900 700 963 elegantid
715 908 740 948 et

74 967 169 1027 ingenio
179 967 339 1021 illustri‚„dum
357 968 472 1014 adversam
490 966 602 1013 fortunam
614 981 692 1028 aequus
702 973 739 1013 tc·

74 1030 140 1085 lerat,
151 1030 242 1077 Tiberio
253 1039 365 1094 superstes
375 1031 425 1078 fuit.

110 1093 156 1144 lx.
174 1095 286 1143 Placitum
297 1098 396 1158 posthac,
414 1102 440 1142 ut
453 1097 477 1142 in
488 1096 586 1156 reliquos
598 1096 672 1158 Sejani
683 1096 739 1142 libe-

75 1175 114 1207 ros
132 1162 299 1217 adverteretur;
317 1162 452 1207 vanescente
469 1176 602 1222 quamquam
618 1161 688 1222 plebis
700 1157 740 1216 ira.

72 1241 103 1274 so
113 1225 225 1287 plerisque
235 1242 277 1288 per
287 1226 361 1287 priora
369 1225 476 1287 supplicia
486 1225 569 1273 lenitis.
601 1223 677 1286 Igitur
686 1240 740 1286 por·

75 1291 194 1337 tanturin
205 1304 325 1346 carcerem,
345 1289 405 1336 filius
423 1291 587 1337 imminentium
602 1289 741 1351 intelligens,

73 1355 150 1418 puella
160 1355 215 1403 adso
231 1356 312 1411 nescia,
330 1363 356 1402 ut
374 1357 451 1409 crebro
467 1355 623 1417 interrogaret,
641 1355 702 1415 quod
714 1355 743 1400 ob

76 1419 191 1475 delictum,
209 1428 232 1467 et
242 1436 287 1481 quo
303 1420 444 1467 traheretur?
462 1435 534 1481 neque
544 1420 653 1467 facturam
666 1419 738 1466 ultra:

77 1491 101 1531 et
118 1500 186 1546 posse
202 1501 226 1532 se
241 1486 320 1546 puerili
339 1487 431 1532 verbere
442 1486 536 1531 moneri.
568 1484 671 1531 Tradunt
681 1491 740 1530 tem·

75 1551 138 1612 poris
149 1552 198 1613 eJus
208 1557 317 1605 auctores,
335 1551 393 1611 quia,
413 1550 546 1597 triumvirali
564 1549 672 1611 supplicio
683 1549 741 1595 affici

75 1616 196 1676 virginem,
215 1616 338 1661 inauditum
353 1616 480 1668 habebatur,
492 1629 506 1660 a
517 1614 626 1670 carnifice,
638 1614 741 1675 laqueum

70 1680 146 1743 juxta,
164 1695 315 1742 compressam
325 1697 332 1736 ;
350 1680 409 1735 exin,
421 1678 496 1726 oblisis
507 1678 614 1735 faucibus,
632 1679 656 1725 id
668 1679 742 1726 aetatis

76 1759 172 1806 corpora
182 1746 205 1791 in
218 1745 342 1792 Gemonias
352 1746 445 1807 abjecta.

110 1808 143 1855 X.
160 1809 206 1857 Per
216 1811 275 1856 idern
288 1817 376 1872 ternpus
387 1808 444 1856 Asia
454 1816 521 1870 atque
531 1809 620 1856 Achaia
630 1809 743 1856 exterritae

77 1880 139 1931 sunt,
158 1876 203 1921 acri
214 1876 293 1936 magis,
309 1890 375 1935 quam
392 1875 497 1920 diuturno
516 1889 613 1928 rumore,
630 1873 744 1928 Drusum,

78 1939 210 1986 Germanici
220 1939 298 1993 filium,
305 1941 364 2001 apud
372 1937 485 2000 Cycladas
493 1939 582 1993 insulas,
589 1953 644 1985 mox
654 1940 677 1984 in
687 1954 742 1985 con·

75 2004 159 2050 tinenti
169 2005 258 2051 visum:
278 2011 301 2050 et
318 2012 366 2051 erat
379 2004 472 2066 juvenis
490 2004 551 2050 haud
568 2004 650 2064 dispari
667 2010 742 2059 aetate,

76 2068 210 2128 quibusdam
229 2068 327 2117 Caesaris
342 2069 433 2122 libertis,
452 2068 515 2116 velut
529 2069 626 2128 agnitus,
644 2083 684 2129 per
701 2069 742 2114 do-

76 2133 170 2194 lumque
180 2135 344 2180 comitantibus
377 2133 538 2180 Allicicbantur
549 2133 622 2194 ignari
629 2130 690 2178 fama
700 2148 742 2178 no-

75 2198 152 2253 minis,
164 2204 188 2245 et
197 2199 292 2259 promtis
300 2199 434 2245 Graecorum
443 2198 523 2244 animis
531 2197 559 2244 ad
567 2212 626 2244 nova
636 2206 660 2244 et
670 2197 739 2244 mira:

76 2263 159 2325 quippe
169 2263 269 2326 elapsum
281 2263 396 2318 custodiae,
416 2278 510 2324 pergere
520 2261 549 2308 ad
559 2269 664 2324 paternos
675 2277 741 2309 exer·

75 2328 142 2382 citus,
151 2328 281 2390 AEgyptum
290 2335 329 2375 out
340 2328 428 2388 Syriam
439 2329 576 2382 invasurum,
585 2326 701 2388 tingebant
712 2328 743 2373 si·

76 2393 125 2439 mul
147 2394 316 2453 credebantque.
350 2392 402 2441 Jam
416 2393 544 2455 Juventutis
563 2407 680 2446 concursu,
693 2393 743 2454 Jam

76 2457 172 2519 publicis
184 2459 262 2504 studiis
272 2458 460 2519 frequentabatur,
472 2458 538 2504 laetus
548 2458 702 2519 praesentibus,
720 2463 744 2503 et

76 2523 179 2569 inanium
190 2538 244 2584 spe;
262 2538 313 2568 cum
328 2523 427 2569 auditum
439 2523 462 2568 id
474 2521 574 2586 Poppoec
586 2522 680 2568 Sabino.
710 2519 749 2572 la,

73 2586 220 2634 Macedoniae
237 2594 286 2634 tum
298 2589 407 2646 intentus,
426 2588 544 2638 Achaiam
554 2601 652 2652 quoque
661 2584 770 2629 curucam

62 2646 146 2708 Igitur,
159 2662 207 2710 quo
219 2668 280 2712 vera,
294 2671 335 2704 seu
344 2655 406 2706 falsa
414 2644 786 2715 mutteulsrssaem'ffl·

52 2725 188 2775 mecumque
199 2719 280 2769 Sinum
289 2724 480 2789 praefestinans,
488 2719 710 2777 monssuboems
717 2703 791 2761 Μ’
