1680 2910
67 138 164 180 J.c.14.
218 131 413 183 ANNALIUM
429 132 511 183 LmL
528 132 656 184 Geniis..
702 138 733 184 19

67 273 201 314 caeterorum
212 265 278 312 mdes
288 267 389 312 animos:
409 264 507 312 Venisse
518 276 613 327 tempus,
628 280 673 326 quo
689 281 732 313 ve·
803 288 806 293 ·

66 332 139 378 temni
149 339 260 378 maturam
276 332 413 385 missionem,
428 332 526 392 Juvenes
537 331 634 392 largiora
645 332 730 408 stipen-

66 395 294 454 dia,ouuctimodum
302 396 440 442 miseriarum
441 403 600 463 exposcerent,
608 396 730 442 saevitiam·

66 476 111 521 que
122 461 278 507 centurionum
295 454 461 508 ulciscerentur.
495 459 551 506 Non
567 475 626 507 unus
636 462 693 515 haec,
704 469 732 507 ut

66 525 227 573 Pannonicas'
221 533 280 571 mter
290 526 392 587 legiones
404 524 549 581 Percennius,
561 540 603 572 nec
614 527 672 587 apud
683 534 729 572 tre·

64 590 134 653 pidas
141 591 238 640 militum
251 604 322 645 aures,
342 591 398 637 alios
407 590 527 637 validiores
537 592 649 637 exercitus
660 592 731 652 respi-
756 630 759 635 .

66 655 181 710 cientium,
198 655 237 702 sed
247 655 319 700 multa
329 654 443 702 seditionis
453 671 493 702 ora
502 670 614 715 vocesque
624 673 629 701 :
650 653 731 702 satin

65 734 135 768 manu
154 720 220 766 sitam
239 733 286 765 rem
308 718 449 777 Romanam3
474 720 520 766 suis
535 720 635 767 victoriis
653 720 731 782 augeri

66 784 263 847 rempublicam
258 799 281 829 m
299 799 364 830 sumn
382 792 558 846 cognomentum
577 785 690 832 adscisci'
684 799 728 831 rm-

63 857 185 914 peratores.

99 911 217 961 XXXII.
230 911 281 959 Nee
297 913 386 975 legatus
403 915 490 962 obviam
506 915 567 962 ibat.
586 914 666 976 quippe
676 914 727 976 plu·

64 980 125 1027 rium
141 977 256 1025 vecordia
281 979 429 1024 constantiam
459 986 579 1026 exemerat.
622 978 728 1040 Repente

65 1043 176 1106 lymphati
193 1043 306 1089 destrictis
322 1043 424 1103 gladiis
417 1058 442 1089 m
461 1045 603 1091 centuriones
618 1044 728 1091 invadunt

66 1111 106 1174 (es
121 1107 273 1154 vetustissima
288 1107 419 1154 militaribus
430 1107 486 1154 odiIs
496 1111 606 1162 materies,
623 1117 647 1154 et
660 1109 727 1155 saevi·

65 1175 118 1222 endi
139 1169 300 1234 principiumlt
326 1178 449 1233 prostratos
470 1173 598 1219 verberibus
618 1174 726 1228 mulcant,

64 1238 173 1300 sexageni
184 1236 292 1298 singulos,
301 1244 327 1282 ut
335 1252 452 1284 numerum
461 1238 616 1283 centurionum
625 1237 728 1298 adaequa-
748 1273 750 1277 ‚

63 1311 122 1353 rent.
154 1300 216 1348 Tum
227 1301 348 1348 convulsos
364 1301 509 1362 laniatosque,
526 1308 548 1348 et
559 1303 639 1362 partim
650 1303 728 1348 exani-

63 1385 120 1425 mos,
133 1374 185 1414 ante
196 1366 280 1412 vallum
291 1366 363 1413 autin
374 1382 463 1412 amnem
478 1365 585 1412 Rhenum
602 1382 648 1428 proJ
638 1367 728 1426 jiciunt.

65 1433 188 1497 Septimius
205 1446 257 1478 cum
274 1430 409 1493 perfugisset
424 1431 453 1478 ad
471 1431 574 1485 tribuual,
590 1431 727 1494 pedibusque

64 1497 165 1548 Caecinae
176 1496 338 1552 advolveretur,
350 1511 378 1543 eo
389 1511 461 1556 usque
471 1495 585 1558 flagitatus
596 1503 637 1551 est,
654 1497 727 1543 donec

61 1566 91 1612 ad
101 1563 195 1611 exitium
207 1561 332 1608 dederetur.
362 1559 457 1609 Cassius
477 1559 578 1614 Chaerea,
594 1575 649 1607 mox
665 1563 727 1607 caede

64 1627 198 1678 ccaesaru
216 1626 346 1672 memoriam
363 1626 421 1687 apud
437 1632 540 1688 posteros
556 1627 654 1688 adeptus,
677 1634 726 1672 tum

62 1694 194 1741 adolescens
202 1700 226 1738 et
237 1692 304 1737 animi
313 1690 383 1745 ferox,
401 1692 460 1737 inter
471 1692 583 1738 obstantes
593 1698 617 1738 et
628 1697 726 1738 armatos
783 1712 785 1717 ¹
806 1688 808 1692 ’

17 1774 22 1783 ·
60 1759 121 1807 ferro
137 1759 197 1804 viam
215 1755 326 1818 patefecit.
358 1755 413 1801 Non
425 1757 526 1802 tribunus
537 1756 601 1810 ultr‘n,
618 1771 664 1802 non
676 1771 725 1802 cas-

61 1832 148 1871 tromm
164 1820 284 1882 praefectus
291 1823 330 1882 J'us
341 1821 450 1867 obtinuit:
470 1821 565 1882 vigilias,
577 1821 691 1874 stationes,
703 1827 727 1866 et

61 1890 81 1936 si
93 1903 137 1949 qua
153 1887 196 1933 alla
207 1900 307 1947 praesens
318 1901 371 1932 usus
381 1886 498 1938 indixerat,
516 1886 557 1947 ipsi
568 1885 726 1946 partiebantur.

61 1951 97 2006 Id,
106 1951 214 1998 militares
223 1951 310 1996 animes
320 1950 387 1996 altius
395 1951 577 2013 conjectantibus,
586 1950 724 2010 praecipuum

60 2018 168 2065 indicium
176 2015 254 2076 magni
262 2021 329 2074 atque
336 2015 571 2076 implacabrlrsmotds
583 2014 642 2074 quod
652 2028 725 2074 neque

60 2083 155 2145 disjecti,
167 2096 210 2126 nec
220 2095 342 2142 paucomm
354 2081 468 2133 instinctu,
480 2080 519 2126 sed
530 2080 612 2140 pariter
622 2079 724 2124 ardesce-

59 2155 117 2212 rent,
129 2147 214 2223 pariter
224 2145 330 2202 silerent3
348 2143 411 2191 tanti
421 2144 548 2204 aequalitate
558 2151 582 2190 et
593 2139 726 2199 constantii,

43 2252 46 2256 .
58 2221 85 2262 ut
96 2228 145 2273 regi
138 2211 267 2257 chederes

93 2273 223 2331 xxxlu.
239 2273 331 2321 Interea
341 2273 485 2329 Germanico,
497 2289 537 2336 per
550 2273 642 2327 Gallias,
654 2279 680 2319 ut
690 2273 724 2318 di·

59 2345 142 2396 ximus,
154 2355 237 2387 census
253 2339 377 2416 accipienti,
393 2341 518 2386 excessisse
534 2339 672 2416 Augustum,
690 2336 724 2384 af·

57 2410 137 2457 fertur.
170 2404 271 2467 Neptem
294 2405 342 2466 eJ'us
364 2403 541 2466 Agrippinam
535 2418 559 2450 m
575 2402 731 2454 matrimonio

73 2475 179 2532 luresquc
188 2485 217 2516 ex
229 2467 255 2516 el
265 2469 353 2526 liberos,
365 2469 470 2519 babebat.
500 2468 515 2519 l
515 2467 660 2537 pseIlruso,
668 2466 748 2511 tratre

53 2491 141 2588 iberis
148 2536 251 2614 gemtus,
259 2535 381 2602 Augustos
392 2555 485 2606 ueposr
504 2487 648 2590 sedausms
657 2527 766 2580 asenna

37 2603 64 2647 in
75 2615 102 2645 se
108 2601 188 2657 patrui
203 2604 315 2666 aviaeque
332 2607 405 2667 odiis,
422 2626 535 2674 quorum
554 2617 643 2656 causae
656 2594 782 2647 assumes,

27 2677 81 2725 ⁹⁰¹⁸
99 2676 206 2726 'mimi
228 2686 323 2742 ‘duppe
341 2674 431 2732 Drusi
453 2693 560 2748 magua
577 2669 651 2742 aqud
663 2655 801 2729 wilm
