1680 2910
113 178 174 232 150'
200 181 394 234 ANN‘ALIUM
410 182 643 235 uolucrem
664 188 795 238 meatu..

119 313 159 359 tris
169 315 214 360 mei
232 316 347 370 amicitias,
363 333 408 364 non
424 318 506 364 occulti
516 316 606 364 serunt:
625 332 711 379 perque
721 318 794 367 invi--

117 377 177 425 diam
189 380 228 433 tui,
246 396 284 427 me
294 396 383 441 quoque
398 383 509 429 incusant.
541 382 574 428 At
584 383 645 429 enim
660 383 782 445 Augustus

118 442 187 488 tiliam
206 459 269 490 suam
286 447 355 504 equiti
372 446 479 494 Romano
495 447 582 494 tradere
599 447 722 494 meditatus
737 456 781 495 eet.

119 505 214 563 Mirum,
233 511 329 565 hercule,
341 513 367 566 si,
385 527 436 558 cum
447 513 471 558 in
482 527 561 558 omnes
572 506 637 558 cuias
647 512 782 560 dianabere-

117 579 161 626 tur,
173 573 353 636 immensumque
363 577 435 622 attolli
445 577 579 638 provideret,
590 591 658 636 quem
673 578 782 640 conjunc·

117 638 182 684 bone
199 639 238 685 tali
257 655 324 702 super
338 641 394 687 alios
404 642 528 694 extulisset,
547 639 576 689 C.
588 640 741 695 Proculeium,
759 648 784 688 et

118 704 226 762 quosdam
238 705 262 750 in
273 707 413 752 sermonibus
423 707 505 760 babuit,
520 706 604 768 insigni
621 706 784 766 tranquillitate

116 768 178 821 vite,
198 769 266 815 nullis
288 770 380 831 reipubl.
402 770 500 832 negotiis
524 771 654 832 permixtos.
688 771 742 825 Sed,
763 771 783 817 ai

118 831 256 882 dubitatione
267 834 366 896 Augusti
385 850 511 890 movemur,
527 842 612 896 quanto
627 835 725 882 validius
740 842 782 890 est,

118 898 178 957 quod
190 898 226 945 M.
237 898 353 961 Agrippae,
365 914 420 945 mox
429 901 484 946 mibi
495 899 631 946 collocavit?
647 899 728 960 Atque
738 915 782 962 ego

116 962 174 1016 baec,
191 979 232 1024 pro
251 962 354 1018 amicitiai,
371 979 417 1010 non
437 964 560 1011 occultari:
580 972 688 1011 caeterum
710 979 784 1024 neque

118 1028 171 1080 tuis,
190 1043 262 1090 neque
279 1027 353 1076 Liviae
363 1029 479 1075 destinatis
490 1029 631 1075 adversabor.
663 1026 718 1090 lpse
728 1028 783 1088 quid

116 1092 177 1139 intra
194 1095 293 1139 animum
305 1094 460 1148 volutarerim,
479 1093 558 1154 quibus
574 1093 646 1139 adbuc
656 1094 781 1140 necessitu-

116 1157 204 1205 dinibus
215 1159 341 1204 immiscere
351 1167 375 1204 te
385 1159 439 1203 milri
448 1173 531 1219 parem,
538 1157 639 1204 omittam
648 1157 783 1220 adpraesens

117 1223 210 1270 referre:
225 1224 247 1268 id
259 1230 346 1269 tantum
359 1223 462 1284 aperiam,
475 1222 531 1268 nibil
541 1236 591 1268 ease
602 1229 647 1268 tam
659 1223 781 1278 excelsum,
812 1226 816 1231 ’

116 1288 176 1348 quod
184 1302 229 1333 non
237 1288 331 1333 virtutes
342 1288 392 1333 istae
400 1294 497 1346 tuusque
507 1288 530 1332 in
537 1301 574 1332 me
581 1287 671 1333 animus
678 1302 781 1334 merean-

115 1359 154 1398 tur
160 1370 167 1409 ;
180 1352 277 1411 datoque
288 1360 394 1412 tempore,
407 1351 443 1397 vel
453 1351 477 1397 in
486 1358 571 1407 senatu,
583 1350 619 1398 vel
630 1352 653 1398 in
665 1353 781 1408 concione,

115 1432 161 1463 non
173 1414 295 1462 reticebo.”
371 1435 373 1439 ·

151 1480 221 1527 XLI.
238 1481 338 1527 Rursum
352 1479 453 1542 Sejanus,
473 1495 519 1526 non
529 1481 578 1542 jam
589 1480 617 1527 de
630 1481 780 1536 matrimonio,

117 1549 157 1597 sed
168 1548 234 1594 altius
244 1553 356 1601 metuens,
373 1547 441 1591 tacita
451 1546 609 1606 suspicionum,
627 1546 692 1608 vulgi
703 1562 779 1594 rumo-

117 1628 172 1667 rem,
190 1613 332 1671 ingruentem
343 1611 449 1656 invidiam
461 1608 598 1671 deprecatur.
634 1610 670 1657 Ac
683 1626 712 1658 ne
723 1612 779 1659 asai-

117 1679 174 1724 duos
183 1676 205 1720 in
217 1675 308 1721 domum
316 1682 388 1721 coetus
396 1675 499 1728 arcendo,
508 1673 640 1736 infringeret
647 1677 780 1736 potentiam,

117 1749 157 1788 aut
172 1739 312 1799 receptando,
329 1738 459 1785 facultatem
473 1740 641 1786 criminantibus
654 1743 779 1802 praeberet3

115 1807 160 1851 buc
183 1802 254 1857 flexit,
277 1811 302 1850 ut
323 1802 438 1850 Tiberium
458 1805 486 1850 ad
502 1805 579 1859 vitum,
601 1806 680 1866 procul
696 1804 778 1862 Romi.

117 1869 213 1916 amoenis
230 1869 285 1914 locis
296 1868 420 1929 degendam
436 1869 568 1929 impelleret.
601 1868 679 1917 Multa
697 1872 779 1933 quippe

112 1934 256 1997 providebat:
276 1932 318 1978 sub
328 1933 351 1979 in
362 1948 430 1980 manu
441 1933 520 1988 aditus,
528 1934 687 1995 literarumque
697 1932 781 1997 magni

114 2015 144 2046 ex
155 2006 218 2060 parte
229 2013 253 2044 se
264 1998 370 2045 arbitrum
381 1997 436 2052 fore,
453 2013 505 2043 cum
521 2015 561 2060 per
572 1998 654 2046 milites
665 2016 778 2047 commea-

115 2072 182 2111 rent:
202 2078 256 2109 mox
268 2063 391 2116 Caesarem,
409 2071 518 2123 vergente
528 2064 577 2123 jam
589 2063 686 2113 senectti,
705 2081 778 2113 secre-

114 2135 183 2189 toque
191 2129 235 2174 loci
244 2127 442 2180 mollitum,munia
450 2127 626 2188 imperiifacilius
633 2131 778 2177 transmissu·

114 2208 180 2239 rum:
204 2200 227 2238 et
242 2193 313 2237 minui
335 2193 376 2238 sibi
397 2192 510 2246 invidiam,
532 2191 620 2238 ademti
642 2193 780 2241 salutmuum

114 2255 190 2312 turbi3
213 2257 350 2315 sublatisque
368 2255 476 2310 inanibus,
494 2255 549 2302 veri
566 2256 667 2317 potentii
686 2275 778 2321 augere.

115 2319 192 2382 igitur
202 2321 308 2380 paulatim
319 2322 412 2380 negotia
422 2322 488 2375 urbis,
505 2322 582 2383 populi
593 2337 706 2378 accursus,
717 2325 777 2370 mul·

113 2385 232 2432 tltudinem
255 2384 393 2430 affluentium
411 2386 517 2446 increpat,
542 2386 654 2432 extollens
675 2387 778 2438 laudibus

114 2450 213 2509 quietem
225 2456 247 2494 et
259 2449 401 2495 solitudinem
406 2466 413 2506 ;
431 2451 481 2509 quis
497 2451 575 2497 abesse
589 2452 656 2497 taedia
669 2460 693 2498 et
705 2454 777 2501 offen·

112 2514 193 2569 aiones,
206 2528 232 2559 ac
243 2514 355 2575 praecipua
365 2530 438 2560 rerum
450 2515 548 2562 maxime
558 2515 645 2576 agitari.

143 2577 227 2627 XLII.
246 2580 282 2626 Ac
294 2579 353 2626 sorte
361 2579 439 2626 habita
446 2595 487 2641 per
501 2581 556 2625 iilos
569 2581 618 2625 dies
630 2580 660 2624 de
675 2579 777 2629 Votieno

97 2644 229 2706 Montano,
243 2646 342 2696 celebris
351 2646 443 2708 ingenii
452 2646 513 2698 uiro,
522 2643 634 2702 cognatio,
643 2651 792 2685 cunctantem

78 2715 138 2780 jam
153 2715 278 2770 Tiberium
295 2713 412 2784 perpulit·
430 2719 459 2760 ut
469 2708 583 2765 llllulffi
595 2703 701 2762 “imi
711 2708 808 2758 illm

18 2812 29 2846 b
