1680 2910
74 164 95 201 J.
105 162 129 201 c.
140 164 172 200 ss.
219 154 412 204 ANNALIUM
429 149 481 202 Lra.
494 152 538 203 IV.
552 152 610 205 Car.
622 160 661 204 26.
696 157 738 203 141

72 289 153 344 veniri,
164 289 184 335 si
194 289 278 344 cuncti,
289 287 369 348 quibus
379 288 470 334 libertas
481 287 572 334 servitio
583 288 663 349 potior,
675 287 739 333 incu-

68 355 180 409 buissent,
192 360 261 415 auget
277 353 343 408 vires,
362 353 485 414 positisque
495 353 580 408 castris,
592 351 740 399 Thubuscum

70 418 180 482 oppidum
192 417 341 465 circumsidet.
377 415 540 472 AtDolrbells,
548 424 671 472 contracto,
680 417 741 478 quod

68 492 122 532 erat
134 483 238 536 militum,
250 491 336 529 terrore
346 482 443 528 nominis
454 481 560 536 Romani,
578 489 607 538 et,
623 482 676 542 quia
686 474 740 528 Nu·

68 549 142 596 midae
165 549 266 610 peditum
288 547 359 595 aciem
379 546 440 593 ierre
461 553 581 607 nequeunt,
609 547 683 608 primo
704 547 741 594 sui

67 614 162 661 incessu
173 613 241 660 solvit
251 612 368 666 obsidium,
385 612 532 673 locorumque
545 620 670 674 opportuna
687 627 739 673 per·

70 679 182 725 munivit:
201 677 268 725 simul
279 678 389 739 principes
400 677 582 730 Musulauomm,
591 675 738 723 defectionem
775 697 787 724 s

70 750 206 806 coeptantes,
223 743 295 789 securi
305 742 409 804 percutit
442 740 511 796 Dein,
527 741 580 802 quia
588 741 687 803 pluribus
698 743 738 788 ad·

70 822 163 856 versum
175 807 339 854 Tacfarinatem
356 805 533 868 expeditionibus
548 807 672 868 cognitum,
691 822 737 854 uon

70 873 144 935 gravi,
155 888 197 920 nec
204 887 251 919 uno
261 873 352 919 incursu
358 871 532 918 consectandum
540 872 628 918 bostem
640 886 737 933 vagum3

68 938 149 985 excito
170 952 222 984 cum
244 937 386 999 popularibus
408 951 463 998 rege
485 935 618 991 Ptolemaeo,
641 943 738 996 quatuor

71 1003 165 1065 agmina
180 1010 251 1065 parat,
279 1017 330 1064 quae
349 1002 429 1064 legatis
451 1008 490 1047 aut
510 1002 606 1047 tribunis
624 1001 686 1047 data:
714 1006 738 1048 et

71 1067 218 1131 praedatorias
232 1081 313 1114 manus
325 1066 404 1113 delecti
416 1065 550 1112 Maurorum
569 1063 668 1113 duxirer
688 1065 736 1128 ipsc

68 1132 187 1179 consultor
197 1134 275 1179 aderat
284 1133 395 1178 omnibus.

104 1195 188 1244 XXV.
201 1194 252 1244 Nec
259 1197 330 1242 multo
338 1203 390 1258 post
397 1195 495 1250 affertur,
503 1193 614 1255 Numidas
620 1195 736 1257 apudcss-

71 1261 151 1311 tellum
163 1263 302 1318 semirutum,
316 1263 343 1308 ab
362 1262 416 1323 ipsis
432 1260 544 1320 quondam
555 1260 679 1317 incensum,
699 1261 735 1307 cui

70 1342 155 1375 nomen
175 1327 264 1381 Auzea
282 1327 362 1388 positis
378 1326 500 1387 mapalibus
516 1325 659 1383 consedisse;
671 1340 673 1345 ·
683 1323 736 1372 lisos

68 1392 130 1446 loco,
144 1393 203 1454 'quia
214 1396 284 1439 vastis
293 1393 379 1438 circum
391 1391 483 1438 saltibus
493 1388 642 1439 claudebatur.
672 1388 735 1436 Tum

71 1455 736 1520 expeditaecohortesalaeque‚quaminpartemducerentur
805 1510 807 1514 ,

68 1523 165 1585 ignum,
183 1523 228 1569 cito
248 1522 339 1583 agmine
357 1522 480 1582 rapiuntur.
513 1520 631 1580 Simulque
647 1526 735 1580 coeptus

70 1588 126 1643 dies,
135 1589 167 1634 vet
184 1595 295 1634 concentu
311 1588 412 1632 tubarum
431 1601 456 1632 ac
468 1586 525 1632 truci
536 1585 633 1631 clamore
643 1585 736 1631 aderam

69 1653 222 1700 semisomnos
243 1653 266 1698 in
287 1652 411 1708 barbaros3
435 1651 563 1712 praepeditis
585 1648 735 1696 Numidarum

70 1717 143 1779 equis,
160 1725 199 1763 aut
217 1717 319 1762 diversos
333 1724 410 1778 pastus
425 1716 595 1776 pererrantibus
630 1715 667 1760 Ab
684 1713 735 1762 Ro-

70 1782 145 1828 manis
166 1781 281 1828 consertus
303 1782 377 1843 pedes,
406 1780 520 1840 dispositae
541 1788 629 1834 turmae,
654 1788 736 1827 cuncta

70 1842 152 1910 proelio
174 1847 275 1908 provisa:
298 1847 399 1891 hostibus
420 1854 504 1899 contra,
527 1845 627 1891 omnium
648 1844 736 1899 nesciis,

71 1927 118 1958 non
137 1926 205 1966 anna,
224 1926 270 1957 non
290 1911 352 1964 ordo,
372 1925 417 1955 non
429 1910 558 1956 consilium:
579 1911 620 1954 sed
628 1924 735 1970 pecorum

69 1977 139 2023 modo
158 1977 223 2031 trahi,
241 1976 319 2031 occidi,
337 1975 392 2036 capi.
425 1973 531 2020 Infensus
547 1974 612 2020 miles
628 1973 737 2020 memorii

70 2041 179 2097 laborum,
192 2048 215 2088 et
223 2041 341 2087 adversum
350 2040 465 2086 eludentes
476 2047 559 2100 optotae
567 2039 633 2084 toties
644 2040 736 2099 pugnae,

73 2121 99 2153 se
110 2107 206 2169 quisque
217 2105 303 2152 ultione
311 2113 335 2151 et
345 2105 455 2166 sanguine
465 2104 591 2165 explebant.
624 2101 737 2149 Differtur

69 2186 111 2234 per
122 2171 255 2232 manipulos,
267 2169 432 2217 Tacfarinatem
445 2183 529 2222 omnes,
542 2175 620 2213 notum
629 2174 663 2213 tot
675 2182 736 2228 proe·

68 2236 113 2290 liis,
125 2243 298 2283 consectentur:
319 2250 370 2289 non,
381 2235 423 2280 uisi
435 2234 491 2280 duce
502 2233 627 2283 interfecto.
636 2233 736 2293 requiem

69 2300 123 2347 belli
133 2299 190 2346 fore.
223 2301 257 2346 At
267 2301 312 2353 ille,
320 2300 411 2362 dejectis
418 2300 502 2344 circum
514 2297 663 2360 stipatoribus,
672 2305 735 2343 vinc-

69 2373 139 2426 toque
145 2366 195 2428 jam
205 2364 259 2419 filio,
279 2372 302 2410 et
313 2365 389 2411 eil'osis
399 2364 497 2425 undique
513 2362 630 2416 Romanis,
650 2363 735 2409 ruendo

69 2431 94 2476 in
106 2430 157 2484 tela,
165 2431 317 2491 captivitatem
329 2430 387 2476 haud
394 2428 466 2476 inulti
473 2437 546 2475 morte
553 2426 640 2490 effugit.
666 2425 736 2488 Isque

69 2494 123 2542 finis
134 2495 202 2541 armis
213 2495 338 2556 impositus.
535 2530 539 2536 ,

104 2558 203 2606 XXVI.
220 2558 348 2608 Dolabellae
357 2559 445 2623 petenti
456 2559 537 2606 abnuit
544 2553 752 2618 triumpbrffix·

64 2625 146 2678 benus,
158 2623 243 2687 Srp'ano
252 2626 363 2684 tribuens,
376 2643 407 2676 ne
416 2625 503 2681 Blaesi,
516 2623 633 2673 auunculi
642 2616 775 2679 esuum*

53 2687 217 2741 obsolesceret.
250 2691 302 2743 Sed
320 2709 402 2760 neque
417 2681 749 2748 Blaesuaideo'sllustr'xurt
764 2675 797 2715 2³·
