1680 2910
65 157 162 197 acco.
246 152 341 223 nav.
357 151 558 202 auuaurmu.
687 159 731 204 nr

64 285 93 332 iis
103 291 226 347 grassatur,
245 292 271 331 ut
288 285 325 332 vel
343 285 473 334 inviolatam
493 287 541 349 ejus
558 283 625 331 fidem
641 286 732 348 aperiat,

65 349 104 396 vel
122 349 236 411 perfidiam
258 350 410 412 prosperitatis
429 350 488 397 mole
502 350 595 396 obruat.
637 349 733 413 Sejanus

66 429 181 475 nunquam
197 415 260 462 visua
279 417 365 472 carior;
382 415 488 477 principis
507 415 626 462 continuus
645 422 668 462 et
679 415 732 462 inti·

65 495 124 534 mus,
136 481 165 526 ob
172 479 254 527 laboris
264 481 401 541 patientiam,
412 481 481 527 animi
492 480 606 542 uigorem,¹
615 481 731 542 egregiam
768 489 770 492 ’

65 544 206 599 modestiam,
226 547 292 590 novis
309 545 332 590 in
355 544 403 592 dies
423 546 544 591 honoribus
566 552 687 592 mactatur:
707 546 732 603 iu

65 607 205 656 couscientia
211 623 349 665 arcanorum,
359 616 382 655 et
387 611 419 656 rei
437 610 515 656 ublicae
525 610 667 670 capessendae
678 607 734 656 curb

64 674 205 721 innectitur:
233 674 319 728 consul,
348 675 435 737 collega
455 675 561 736 principe,
585 674 730 736 designatur:

65 736 140 793 Livia,
159 739 272 799 quondam
288 745 376 801 negata,
388 740 537 800 permittitur:
557 739 633 785 omnia
649 741 732 800 princi,-

63 803 132 866 patr‘rs
143 810 309 850 auctoramenta
319 805 466 859 cumulantur,
484 813 508 850 ut
516 804 640 866 principatu
651 806 734 852 certius

65 867 164 915 excidat.

100 929 166 995 [Ipse
187 932 257 996 impar
278 933 347 980 tantis
369 930 472 988 artibus
486 930 602 981 Caesarem
622 934 730 989 venerari,

66 994 150 1046 caium
162 1012 273 1058 spernere,
293 1012 343 1058 spes
361 1005 480 1049 ostentare,
499 997 539 1042 sibi
558 999 643 1044 invisos
654 998 730 1059 oppri-

66 1075 136 1121 mere,
153 1061 267 1107 clientium
284 1067 338 1107 vota
352 1062 462 1123 excipere,
474 1061 545 1107 multa
555 1062 651 1124 elargiri,
668 1064 732 1123 plura

66 1127 232 1189 appromittere‚
241 1126 296 1172 luxu
308 1133 332 1171 et
342 1126 389 1173 otio
400 1126 521 1187 principem
533 1126 670 1172 inumbrare:
689 1127 731 1173 lae·

66 1191 156 1238 tissimo
167 1189 267 1246 Tiberio,
285 1190 323 1249 qui
337 1190 396 1236 male
409 1197 492 1237 tectam
504 1197 608 1246 mentem,
624 1199 653 1244 et,
671 1207 731 1238 cres·

65 1255 169 1303 centibus
180 1255 307 1310 honoribus,
319 1255 343 1300 in
354 1254 449 1301 certiora
458 1254 540 1300 iudicia
550 1257 595 1302 cito
603 1264 731 1318 erupturam

66 1321 239 1382 introspexerat.
400 1322 402 1325 ’
721 1365 724 1372 ,

99 1382 233 1448 [Interhos
251 1383 349 1438 fortune
365 1384 436 1442 lusus,
455 1390 478 1431 et
489 1385 608 1446 suspicacis
625 1385 732 1448 principis

66 1449 229 1504 simulationes,
241 1447 343 1495 Velleius
360 1448 498 1504 Paterculua,
518 1451 613 1512 scriptor
623 1452 733 1512 elegantis

64 1514 159 1577 ingenii,
172 1514 211 1561 sed
221 1514 336 1560 bominum
349 1515 416 1567 rudis,
435 1515 506 1561 laudis
518 1524 541 1561 et
551 1515 633 1562 favoris
644 1517 733 1572 avidus,

65 1580 169 1642 iugentia
175 1579 251 1642 populi
267 1577 366 1625 Romani
377 1579 436 1626 facta
447 1581 509 1626 brevi
519 1580 593 1626 libello
602 1579 731 1641 complecti-

65 1651 117 1692 tur:
136 1650 215 1704 totque
226 1644 321 1697 saeculis,
334 1650 368 1689 tot
378 1644 478 1690 victoriis
488 1652 573 1706 partam
584 1644 670 1705 imperii
682 1658 731 1691 ma·

61 1710 177 1772 Jestatem,
189 1709 212 1754 in
221 1706 311 1754 Tiberio
322 1709 512 1769 comprehensam
524 1723 537 1754 a
549 1709 629 1769 Sejano
642 1715 730 1755 austeu-

65 1779 144 1826 tatam,
155 1773 252 1819 exhibet.
285 1773 451 1825 Adulationem,
462 1771 499 1818 vel
510 1773 533 1818 in
543 1773 670 1820 volucribus
678 1789 730 1820 ver·

65 1838 101 1885 bis
111 1836 225 1890 infamem,
237 1837 325 1898 scriptis
337 1853 387 1882 cum
396 1851 484 1882 summo
497 1837 594 1883 nominis
605 1839 638 1884 sui
650 1845 673 1884 et
684 1839 730 1887 bis·

65 1901 132 1950 toriae
144 1902 252 1948 dedecore
270 1917 391 1963 perennem
407 1900 473 1946 fecit:
493 1899 540 1946 fato
560 1902 654 1962 odioque
667 1901 730 1965 Seja-

58 1967 135 2020 ,niano
147 1981 234 2027 semper
244 1967 384 2027 premendus,
397 1965 535 2012 damnandus
546 1981 639 2027 semper,
652 1967 691 2013 sed
702 1969 730 2014 ob

65 2031 167 2078 curiosos
185 2031 275 2077 laudum
296 2032 397 2076 homines
413 2037 436 2076 et
455 2030 577 2076 deformem
595 2032 730 2091 scriptorum

66 2095 205 2149 servitutem,
225 2110 308 2155 paucos
320 2096 409 2157 ingenii,
427 2095 534 2156 plurimos
546 2095 676 2141 adulatoriae
687 2095 731 2142 soe-

65 2159 143 2206 ditau's
154 2160 277 2206 imitatores
294 2161 340 2221 pari
358 2175 408 2205 cum
428 2160 545 2221 opprobrio
565 2174 652 2221 semper
669 2160 730 2207 babi-

65 2230 139 2270 turus.

100 2287 217 2351 [Tiberius
235 2285 314 2336 Caesar
327 2287 357 2335 V.
377 2295 400 2335 et
415 2287 490 2334 AElius
507 2287 569 2349 Seja-
604 2319 629 2367 U
642 2319 662 2368 C
677 2322 725 2367 784

66 2369 110 2400 nus
122 2353 263 2400 consulatum
279 2354 399 2407 acerrimis,
411 2353 451 2399 sed
464 2353 569 2399 diversis·
608 2352 670 2433 δέ·
680 2390 710 2432 31
724 2354 731 2367 ⁸

66 2418 137 2471 simis,
157 2419 271 2477 utriusque
281 2419 341 2463 votis
352 2419 475 2478 expetitum
487 2415 569 2474 iniire3
625 2417 631 2431 '
662 2419 668 2432 ¹
713 2419 720 2434 ⁰

66 2481 171 2529 'liberius
196 2479 296 2543 Capreis,
316 2481 410 2544 Sejanus
426 2480 516 2528 Romae.
549 2479 673 2542 Nunquam
690 2483 731 2530 lae-

66 2548 118 2602 tior,
141 2554 179 2593 aut
199 2545 335 2607 splendidior
353 2545 422 2593 Urbis
443 2545 521 2594 facies.
555 2544 588 2592 lu
607 2546 743 2601 cousulens,

64 2626 132 2670 quem
148 2610 251 2658 futurum
269 2625 325 2658 mox
341 2611 462 2660 domiuum
481 2611 640 2675 suspectabat,
651 2609 764 2675 ’ΜΞΝ-ἰ

51 2675 165 2738 principis
186 2675 263 2727 ferme
284 2678 366 2738 oblita,
394 2679 516 2748 &panum
529 2679 665 2727 seueramx
683 2662 789 2735 ⁶33¹!
