1680 2910
68 155 89 194 J·
100 157 123 194 C·
135 160 168 202 37¹·
219 148 654 201 ANNALIUMLmV1.cm.51.
687 160 734 206 217

70 283 192 332 defectioni
203 284 277 331 cibum
288 282 399 332 efferrent
431 282 508 330 Pavor
525 281 578 330 hinc
596 283 621 331 in
638 297 732 337 omnes:

70 363 95 396 ct
106 349 182 397 caeteri
193 349 276 411 possim
288 349 400 411 dispergi3
418 348 553 410 se=quisque
570 355 679 399 moestum
696 359 735 402 aut

69 415 172 462 nescium
182 413 284 476 fingere:
304 411 390 467 Caesnr,
404 414 429 459 in
440 413 553 460 silentium
563 411 629 471 nm,
646 430 659 464 a
670 433 732 466 sum.

69 477 108 527 mci
124 495 164 542 spe
180 479 303 527 novissima
317 479 473 540 exspectabat:
500 478 581 526 Macro
601 480 733 545 intrepidus,

68 545 165 607 opprimi
175 559 252 592 senem
262 544 346 605 injectu
354 543 432 589 multae
439 543 515 597 vestis,
522 543 594 605 jubet,
605 545 734 609 discedique

67 611 97 657 nb
106 610 192 657 limine.
225 609 264 657 Sic
273 607 379 655 Tiberius
387 607 466 662 finivit,
483 616 564 656 octnvo
578 614 602 656 et
612 617 732 676 septuage-

68 675 127 722 simo
139 674 212 722 aetstis
222 689 288 721 ormo.

102 738 145 786 LI,
163 738 231 786 Pater
238 739 260 785 ei
268 737 339 793 Nero,
351 744 375 784 et
384 737 496 798 utrimque
504 738 569 800 origo
576 740 651 802 gentis
660 739 731 790 Clau.

67 805 119 859 diae,
137 819 272 865 quamquam
282 810 355 849 mater
364 804 388 848 in
400 801 489 848 Livium
502 810 526 849 et
535 818 590 850 mox
600 803 685 852 Julinm
695 807 731 856 fa.

66 869 153 917 milium
169 868 323 930 adoptionibus
336 868 455 914 transierit.
486 864 561 915 Casus
571 867 643 930 primi
653 871 681 917 ab
695 873 730 920 in.

65 934 139 982 fantid
149 934 268 995 ancipites:
287 947 340 979 nam
355 932 502 994 proscriptum
517 938 602 993 putrem
619 935 683 982 exsul
694 952 730 985 se-

66 1008 140 1054 cutus,
152 999 189 1046 ubi
200 999 292 1044 domum
304 997 404 1058 Augusti
415 997 532 1057 privignus
543 997 634 1054 introiit,
653 1001 731 1050 multis

66 1063 156 1114 aemulis
166 1061 307 1111 conflictatus
323 1070 363 1116 est,
381 1061 434 1106 dum
445 1059 570 1107 Marcellus
585 1070 608 1108 et
622 1063 729 1128 Agrippa,
783 1069 785 1073 ’

64 1145 122 1179 mox
144 1127 214 1178 Cuius
235 1126 365 1187 Luciusque
387 1123 496 1179 Caesares,
518 1122 618 1188 vigudre.
651 1127 729 1178 Etiam

64 1197 135 1243 frater
145 1195 200 1256 ejus,
218 1191 316 1245 Drusus,
333 1190 472 1252 prosperiore
485 1188 567 1236 civium
584 1206 660 1250 nmore
673 1203 728 1242 erat.

65 1261 113 1309 Sed
123 1259 221 1306 maxime
231 1258 254 1303 in
264 1256 350 1303 lubrico
361 1254 415 1316 egit,
426 1253 518 1316 ncceptb
526 1254 550 1300 iu
561 1257 728 1307 matrimonium
829 1262 831 1267 ’

63 1323 134 1380 Julii,
153 1322 313 1384 impudicitiam
332 1319 409 1366 uxoris
427 1319 587 1374 toleraretur
606 1321 727 1374 declinans.

62 1389 157 1440 Deinde
175 1387 258 1434 Rhodo
277 1399 399 1448 regressus,
417 1399 500 1430 vacuos
515 1384 621 1447 principis
635 1395 728 1448 penates

63 1454 181 1504 duodecim
198 1452 273 1508 annis,
288 1464 343 1496 mox
359 1449 391 1495 rei
405 1447 518 1495 Romanae
531 1449 645 1497 arbitrium
657 1454 728 1502 tribus

62 1521 136 1568 ferme
146 1524 170 1565 et
183 1515 265 1579 viginti
281 1514 382 1574 obtinuit
414 1513 508 1560 Morum
522 1528 611 1575 quoque
624 1522 727 1580 tempora

61 1586 96 1633 illi
107 1585 208 1631 diversa:
228 1581 346 1644 egregium
355 1574 403 1626 virt
412 1575 523 1638 famique,
535 1579 607 1640 quond
617 1581 724 1642 privatus,

60 1651 100 1699 vel
111 1649 135 1694 in
147 1645 244 1708 imperiis
254 1646 295 1691 sub
306 1644 413 1706 Augusto
426 1641 481 1689 fuit:
500 1643 612 1691 occultum
629 1660 656 1692 nc
672 1650 724 1695 sub·

61 1715 140 1764 dolum
158 1710 270 1774 fingendis
288 1708 413 1761 virtutibus,
436 1707 507 1754 donec
527 1709 676 1759 Germanicus
698 1728 725 1762 ec

60 1781 155 1829 Drusus
163 1772 303 1837 supersudre:
322 1773 723 1836 ideminterbonnmslnquemixtns,

58 1842 168 1893 incolumi
179 1848 265 1887 matre:
282 1837 414 1885 intestabilis
425 1835 518 1890 saevitii,
535 1838 575 1884 sed
590 1840 684 1888 obtectis
695 1843 723 1890 li.

58 1908 177 1960 bidinibus,
194 1905 247 1951 dum
265 1904 370 1966 sejanum
385 1901 463 1948 dilexit
473 1902 589 1950 timuitve:
608 1914 722 1966 postremo

58 1977 84 2022 in
96 1972 180 2021 scelera
190 1969 257 2016 simul
267 1983 293 2015 ne
304 1967 413 2014 dedecora
422 1966 530 2028 prorupit,
544 1974 668 2029 postquam,
685 1986 720 2019 re-

56 2045 122 2088 moto
133 2035 218 2100 pudore
227 2041 251 2082 et
260 2039 331 2093 metu,
342 2047 384 2081 suo
394 2038 482 2080 tanturn
492 2032 585 2094 ingenio
596 2035 705 2083 utebatur.
