1680 2910
113 154 163 198 240
303 138 596 194 sumamma
670 144 786 198 Imm

114 279 149 327 At
166 277 253 341 injurie
272 275 378 338 regaliter
395 275 521 337 impatiens,
541 288 568 322 se
585 272 642 322 olim
660 288 780 339 prosperas,

117 359 178 391 nunc
192 344 292 389 adversae
306 341 381 388 mariti
391 339 490 387 fortunae
500 340 586 387 sociam
597 354 650 387 esse
660 340 721 389 velle
730 356 782 403 po-

114 407 175 455 sessa
184 415 226 454 est.
261 404 342 452 Tantis
351 406 431 452 animis
442 405 559 452 muliebria
567 404 625 452 vitia
632 404 738 463 redemit,
745 407 782 453 sed

115 473 240 519 libertatem
253 472 334 518 amisit.

149 534 256 600 [Interim
277 533 346 584 Caius
368 550 450 599 noram
473 534 636 582 criminationis
658 537 783 591 materiem,

115 601 252 664 principibus
263 615 350 662 semper
360 600 495 656 indecoram,
512 615 573 662 saepe
582 599 737 655 infecundam,
748 616 783 647 re·

115 667 182 728 perit.
214 663 362 728 Ingeniorum
378 665 480 720 remulus,
497 679 540 711 nec
556 664 680 726 scrIptorea
695 672 783 712 numm

116 730 164 778 fato
174 730 272 784 iunctos,
288 731 393 790 vincique
405 728 490 785 faciles,
507 729 639 776 calumniari
650 744 729 785 ausus,
746 744 783 777 su·

117 797 222 858 perstites
240 795 351 842 exitialius
369 795 459 842 oderat:
478 795 536 841 duos
551 794 650 840 maxime
668 794 783 856 corripuit,

117 861 233 907 literarum
252 859 330 906 studiis
351 859 499 921 praeralidos3
522 858 618 905 alterum
636 858 782 921 eloquentie,

117 925 213 972 alterum
224 924 369 986 philosophie
380 924 445 969 simul
457 931 480 970 et
491 923 595 971 oratorie
603 923 659 969 artis
669 924 738 972 laude
747 926 782 972 in·

117 990 221 1051 signem3
232 989 295 1035 illum
302 987 376 1041 famae,
387 988 448 1034 hunc
455 986 649 1035 virtutissridum.
666 987 783 1037 Annaeum

119 1054 235 1108 Senecam,
252 1055 281 1099 ob
297 1054 421 1099 orationem
435 1052 580 1114 ingeniosius,
597 1066 667 1112 quam
677 1068 719 1116 par
728 1064 783 1112 eret,

119 1134 195 1165 coram
214 1118 290 1165 invido
306 1118 412 1179 principe,
433 1117 536 1172 habitam,
553 1116 632 1179 capitis
651 1117 784 1167 damnstm

117 1181 221 1230 tutavire
238 1183 351 1237 modestia,
368 1180 456 1228 infirma
472 1181 584 1238 valetudo,
601 1182 678 1229 minor
693 1184 785 1231 invidia.

84 1286 86 1292 .
119 1247 248 1295 Domitium
260 1246 342 1294 Afrum
357 1247 503 1308 oppressisset
518 1245 640 1301 aemulatio,
658 1247 702 1294 nisi
713 1248 785 1312 longo

119 1328 162 1360 usu
173 1313 201 1359 nd
212 1320 272 1359 artes
281 1312 388 1373 plurimas
398 1310 477 1358 fuisset
486 1311 605 1358 exercitus.

152 1375 199 1440 [At
215 1377 242 1422 ab
257 1377 306 1438 ipso
322 1377 421 1438 principe
437 1377 461 1421 in
478 1381 557 1422 senatu
571 1376 706 1437 postulatus,
723 1377 786 1438 quod

119 1442 786 1566 ,litzlliilllltmiilltllrirslilllltlii

121 1580 235 1633 stuporem
251 1571 462 1631 admirationemque
479 1572 599 1632 componit,
616 1572 694 1618 omnia
706 1571 786 1635 longae

120 1637 227 1684 orationis
238 1636 309 1697 cupita
317 1636 402 1695 repetit,
413 1634 489 1681 laudat
496 1636 602 1696 egregic3
610 1636 733 1698 iussusque
743 1651 785 1698 pro

121 1702 240 1755 aedicere,
257 1701 324 1754 dolet,
341 1700 480 1754 lamentatur,
497 1714 573 1760 genua
582 1701 689 1762 principis
703 1700 784 1750 advol-

119 1766 187 1819 vitur,
204 1780 228 1811 se
245 1779 291 1811 non
303 1763 452 1824 imperatoris,
469 1765 509 1810 sed
527 1765 622 1811 oratoris
642 1763 743 1814 Caesaris
760 1768 785 1814 vi

121 1830 262 1891 insuperabili
271 1831 357 1876 victum
367 1827 456 1875 fatetur.
489 1827 604 1890 Princeps,
621 1830 721 1877 vanitate
731 1846 783 1879 mo·

120 1895 177 1950 bilis,
194 1896 349 1957 deprecantem
361 1893 482 1940 nonmodo
492 1893 595 1947 absolvit,
612 1894 651 1940 sed
666 1896 786 1942 consulem

33 2008 36 2013 ,
122 1961 226 2016 destinat,
243 1961 271 2006 ob
282 1959 387 2005 insidiam
396 1958 493 2013 dubium,
502 1974 531 2005 sn
541 1966 633 2021 propter
640 1959 785 2008 clementiam

123 2026 196 2088 magis
207 2025 338 2071 irridendus.

153 2089 291 2152 [Domitius,
307 2087 440 2148 eloquentiis,
457 2104 524 2150 quam
534 2089 634 2135 moribus
644 2088 731 2143 melior,
741 2105 784 2137 no-

122 2170 173 2201 vam
192 2155 325 2216 dignitatern
346 2155 422 2200 statim
444 2156 570 2216 auspicatus
588 2165 628 2208 est,
652 2156 787 2215 magistratu

123 2218 252 2265 consulibus
268 2220 382 2279 abrogato,
400 2221 460 2278 quod
476 2219 504 2264 de
520 2219 627 2280 principis
644 2219 712 2264 natali
730 2220 788 2265 nihil

123 2283 252 2336 edixissent,
270 2290 292 2328 ct
311 2284 427 2330 Actiacam
443 2283 560 2329 victoriam
575 2281 788 2330 sollennibusferiis

123 2346 285 2393 celebrissent:
306 2349 389 2407 insigni
403 2348 547 2408 protervitate
563 2345 632 2395 caius
644 2362 690 2400 cos,
708 2349 736 2394 ob
748 2365 786 2395 cc·

122 2409 246 2455 lebritatcrrr
263 2411 375 2464 scriarnrrr,
397 2412 420 2455 in
440 2411 572 2464 Antonium,
592 2413 682 2473 generis
702 2414 743 2467 sui,
762 2421 788 2461 ut

123 2470 213 2527 serebat,
230 2484 350 2527 auctorem,
372 2475 430 2520 male
449 2476 558 2523 animatos
576 2478 698 2538 arguebat:
723 2494 788 2540 atque

124 2538 224 2586 infensos
247 2539 354 2601 Augusto
372 2540 519 2599 judicaturus,
543 2543 561 2588 si
580 2557 629 2588 eam
652 2544 790 2608 omisissent.

122 2602 193 2663 Quod
204 2605 326 2655 consulum
335 2605 401 2652 alieri
410 2606 551 2665 'liubind'tgue
555 2607 669 2656 inmixtum,
682 2609 797 2664 utac‘xpse

130 2664 273 2730 '‘aficeret.
299 2672 396 2727 Eidem
408 2672 482 2720 aniuii
488 2665 658 2719 inconstanixa,
667 2666 819 2722 comxnmw
