1680 2910
132 145 164 190 ns
214 138 407 189 ANNALIUM
423 137 520 188 Lan.
533 120 643 189 cium
679 141 796 188 mcum

163 268 246 316 XLII.
271 268 386 320 Creterum
408 268 518 324 Tiberius,
542 271 632 316 nomine
655 271 794 326 Germanici,

130 341 234 382 mecenas
243 336 302 396 plebi
312 337 427 382 sestertios
437 334 519 381 viritim
528 334 596 390 dedit,
607 349 676 396 aeque
683 335 794 397 collegam

130 399 258 446 consulatui
267 401 315 463 ejus
325 400 457 446 destinavit:
476 414 518 446 nec
529 399 579 445 iden
590 400 684 446 tincerae
695 400 794 446 caritatis

130 462 198 510 fldem
209 473 331 520 assecutus,
347 464 434 512 amoliri
440 465 547 526 juvenem
559 464 633 524 specie
643 464 735 511 honoris
747 472 793 511 atn-

128 529 191 586 tuit;
210 529 335 590 struxitque
353 543 437 583 causan,
460 535 499 574 aut
516 527 575 574 forte
591 529 676 575 oblatas
694 529 794 590 arripuit.

130 591 184 638 Rex
194 592 319 640 Archelaiir
330 594 538 655 quinquagesimum
553 607 636 639 annum
649 591 793 654 Cappadocid

131 657 268 718 potiebatur3
284 659 370 705 invisus
381 657 478 713 Tiberio,
495 657 555 718 qucd
564 672 616 702 eum
628 656 705 703 Rhodi
720 672 791 720 agen·

129 728 176 768 tem
187 721 249 769 nulio
260 721 334 769 officio
345 722 465 770 coluisset:
485 736 527 767 nce
538 721 561 767 id
572 720 697 768 Archelais
705 737 745 784 per
752 737 790 768 su·

97 799 99 802 ’
129 786 228 849 perbinm
241 788 354 841 omiserat,
370 787 410 833 ned
423 787 450 833 ab
465 786 551 832 intimis
565 785 665 847 Augusti
679 787 791 843 mnnitua;

129 851 188 917 quia,
204 849 299 898 florente
314 849 342 899 C.
352 849 444 899 Caeaare
459 851 573 911 missoque
586 851 615 896 nd
632 866 668 897 ren
683 849 791 905 Orientis,

130 915 204 961 intuta
213 914 298 962 Tiberii
307 916 405 962 amicitia
414 916 549 963 credebatur.
583 914 626 970 Ut,
637 913 702 961 verni
711 913 791 964 Caesa·

129 994 179 1026 rum
191 981 275 1038 sobole,
292 981 410 1042 imperium
421 979 514 1042 adeptus
524 986 564 1033 ert,
581 979 641 1025 elicit
652 979 789 1026 Archelaiim

130 1045 208 1092 matris
215 1045 291 1099 literis,
303 1061 360 1106 quae,
371 1059 418 1092 non
429 1044 572 1091 dissimulatis
577 1042 616 1090 filii
624 1043 789 1099 offensionibus,

127 1108 392 1165 clementiamofferemt,
405 1111 424 1156 ni
435 1110 463 1156 nd
473 1108 608 1171 precandum
619 1109 712 1155 veniret.
745 1107 790 1156 Ille

120 1173 221 1236 ignarus
237 1174 289 1229 dcli,
305 1174 349 1229 vel,
365 1175 384 1221 ni
396 1175 521 1237 intelligere
532 1173 664 1228 crederetur,
681 1173 728 1219 vim
738 1188 787 1220 mc·

129 1245 201 1294 tuens,
224 1239 247 1285 in
267 1240 343 1285 urbem
362 1246 482 1301 properat:
506 1245 658 1300 exceptusque
675 1237 788 1285 immitia

128 1303 235 1365 principe,
248 1313 271 1350 et
281 1318 336 1350 mox
345 1310 462 1351 accuratur
471 1305 495 1350 in
507 1310 598 1359 renatu5
615 1317 661 1348 nnn
672 1302 701 1349 ob
711 1303 787 1348 crimi-

127 1381 162 1423 nn,
175 1382 225 1428 quae
235 1367 384 1429 fingebantur,
397 1369 437 1415 aed
447 1383 538 1430 angore,
555 1367 621 1413 simul
631 1366 704 1413 iesnus
715 1367 785 1422 senio,

126 1437 150 1479 et
165 1433 217 1492 quia
233 1432 323 1494 regibus
339 1447 409 1494 aequn,
427 1433 508 1479 nedum
525 1431 607 1486 infima,
622 1432 712 1478 insolita
726 1438 785 1487 aunt,

126 1495 194 1543 finem
209 1497 269 1552 vitae,
287 1504 366 1560 sponte
383 1513 411 1545 an
427 1496 481 1552 fato,
497 1497 605 1558 implevit
638 1495 745 1557 Regnum
762 1496 786 1542 in

125 1561 262 1622 provinciam
280 1563 394 1609 redactum
414 1570 457 1618 est,
479 1562 631 1621 fructibusque
649 1561 698 1623 ejus
715 1560 786 1606 Ievnri

124 1622 191 1688 pnite
201 1626 330 1674 centesimae
340 1627 437 1690 vectigal
450 1626 564 1688 proferans
576 1623 660 1679 Caesm,
677 1626 785 1672 ducente·

123 1703 205 1800 run
215 1691 715 1818 urrunriunuuzuuru

123 1819 165 1865 bun
176 1817 294 1875 defunctis,
302 1823 445 1868 turbabuntur
456 1822 564 1875 nationes,
576 1820 688 1880 plerisque
696 1817 783 1866 Roma·

123 1898 184 1938 num,
201 1883 250 1931 niiin
261 1885 347 1948 regium
358 1887 475 1947 imperium
484 1884 637 1949 cupientibus:
657 1890 680 1930 et
690 1884 782 1944 provin·

122 1949 173 2006 cite,
191 1948 339 2011 Syriamque
354 1949 442 2006 Jndaea,
458 1949 524 1997 ieasae
535 1949 645 2003 oneribus,
662 1948 783 1995 deminuti·

123 2027 190 2060 onern
202 2014 278 2062 tributi
288 2016 387 2062 orabant.
601 2016 603 2020 '

155 2075 253 2125 XLIII.
269 2077 345 2141 Igitur
363 2080 418 2135 baec,
437 2080 504 2126 etde
522 2076 632 2125 Armenii
647 2091 699 2139 quae
717 2091 784 2139 snpra

121 2144 251 2198 memorari,
267 2144 326 2205 apud
341 2151 415 2205 patres
428 2144 541 2191 disseruit:
561 2157 603 2190 nec
617 2157 685 2205 posue
695 2150 782 2188 motum

121 2204 239 2254 Orientem
259 2209 302 2254 nisi
321 2209 451 2255 Germanici
467 2206 575 2271 capientid
591 2207 707 2270 componi:
728 2221 782 2253 num

120 2286 184 2318 anam
193 2279 284 2318 aetntem
292 2287 392 2335 vergere,
401 2272 473 2321 Drusi
482 2273 581 2319 nondum
589 2273 643 2321 antia
650 2271 782 2320 adolevisse.

120 2334 188 2382 Tunc
203 2336 293 2383 decreto
306 2346 393 2399 patrum
408 2338 523 2399 perminrae
539 2338 676 2385 Germanico
689 2336 781 2398 provin-

120 2400 171 2456 ciae,
182 2416 233 2461 qune
244 2403 299 2448 mari
310 2402 445 2458 dividuntur,
458 2403 574 2465 majusque
584 2401 708 2462 imperium,
724 2416 781 2461 quo·

120 2480 165 2525 qun
177 2461 267 2522 adisset,
284 2481 350 2527 quam
367 2468 402 2514 hin
418 2467 455 2528 qui
472 2475 533 2514 torte
545 2475 585 2513 aut
595 2467 665 2513 missu
675 2462 782 2526 principia

118 2530 252 2577 obtinerent.
285 2531 331 2578 Sed
342 2530 445 2579 'liberius
452 2532 582 2579 demoverat
590 2527 781 2591 syntcruienm

105 2593 220 2651 Sdunum,
230 2611 276 2662 per
284 2595 421 2647 affinitatem
436 2611 568 2646 connexum
576 2594 723 2648 German,
730 2594 786 2654 quia

66 2655 172 2742 *Ariani
178 2659 231 2715 tria
241 2663 344 2729 Neroni,
356 2657 799 2722 mtmtssincbbennm'mm
