1680 2910
114 186 164 235 270
308 178 603 230 SUPPLEMENTUM
670 184 788 236 mewa.

114 315 198 365 nedum
210 312 299 360 divinos
308 313 381 360 velle:
395 313 445 360 sola
450 312 537 375 imperii
547 312 650 376 insignis
658 328 783 376 umrpare:

115 387 202 428 statuas
211 393 295 441 paucas
305 387 328 425 et
338 378 451 425 modestas
461 378 607 440 pemioere3
623 380 697 426 mutis
713 380 785 442 signis

116 444 206 507 templu,
222 443 328 504 compita,
346 443 451 506 publicas,
462 443 561 504 privatas
572 443 636 493 tedes
645 444 742 507 oppleri,
752 445 785 491 oi·

115 523 201 569 resque
207 509 319 554 exturbari
326 508 437 555 fficdtans.
454 507 508 555 Hac
518 508 628 555 civilitate
634 509 784 557 stabilitoim·

116 574 186 637 perio,
204 573 260 619 nihil
276 573 390 634 antiquius
408 575 495 626 babere,
513 588 581 633 quam
598 581 626 621 ut
643 575 667 621 ld
684 574 784 629 biduum,

116 654 161 701 quo
180 638 209 685 de
225 638 334 684 mutando
353 639 480 700 reipublicae
498 645 558 685 statu
577 639 711 687 haesitatum
730 646 783 695 erat,

116 703 234 751 memoriae
244 704 359 750 eximeret
392 701 502 750 Omnium
518 704 595 764 itaque
611 702 727 751 sactorum
736 704 783 751 dio·

116 777 237 830 torumque
246 770 270 814 in
281 784 309 815 eo
320 767 409 815 venium
423 776 447 815 et
456 768 594 816 oblivionem
611 769 637 815 in
650 776 783 832 perpennam

118 835 205 882 sancire
215 848 242 880 oc
252 841 375 894 praestare;
392 840 422 890 et,
442 848 493 879 cum
510 833 638 895 principum
657 835 784 883 reverentia

117 899 265 961 religionibus
283 905 306 945 et
316 899 406 960 pietatis
416 898 496 945 officiis
506 904 627 954 accrescat,
639 899 700 947 avim
711 898 783 948 liris}

118 965 207 1011 divinos
218 963 322 1019 bonores,
334 971 358 1009 et
372 961 474 1011 Circensi
484 960 566 1025 pompt
574 979 667 1011 currum
677 965 783 1028 elephan-

118 1037 210 1087 torum3
227 1028 355 1090 parentibus
365 1027 456 1075 inferias
465 1028 581 1090 publicam
596 1030 655 1090 patri
665 1027 784 1079 Circenses

118 1094 184 1142 ludos
203 1093 271 1141 natali
290 1093 326 1141 die
344 1094 470 1141 decernere.
502 1092 541 1140 Ne
552 1092 681 1142 Antonium
693 1095 783 1157 quiden

118 1159 285 1212 inhonoratum,
302 1173 329 1206 ac
346 1158 395 1206 sine
415 1154 482 1220 grati
503 1159 619 1207 mentione
638 1161 781 1209 transmisitr

120 1231 216 1272 testatus
226 1238 266 1286 per
276 1224 381 1278 edictum,
396 1231 460 1271 tanto
479 1224 603 1285 impensius
621 1232 702 1287 petere
719 1241 745 1273 se
760 1231 785 1273 ut

120 1290 218 1337 natalem
228 1290 298 1351 patria
309 1288 382 1336 Drusi
392 1289 535 1345 celebrarent,
547 1290 608 1351 quod
618 1290 680 1337 idem
691 1297 753 1339 esset
761 1296 784 1339 et

120 1356 157 1403 avi
168 1357 203 1401 sul
214 1354 319 1401 Antonii.

154 1417 260 1483 [Addidit
270 1420 335 1466 matri
350 1428 488 1483 carpentum,
499 1436 545 1482 quo
557 1436 597 1483 per
608 1419 706 1469 Circum
717 1422 784 1468 duoe-

120 1492 197 1532 retur:
216 1485 293 1530 tribuit
303 1501 393 1546 quoque
403 1501 531 1546 cognomen
543 1487 665 1547 Augustae,
676 1487 739 1548 quod
752 1485 784 1533 ie·

121 1552 189 1603 mina,
200 1550 297 1605 virtutis,
317 1566 384 1611 quam
394 1550 474 1604 laudis,
493 1551 619 1606 studiosior,
635 1557 785 1599 recusarent

122 1615 209 1663 Fratris
220 1616 358 1668 memoriam,
376 1631 415 1677 per
431 1630 521 1661 ornnem
533 1617 675 1663 occasionem
687 1617 785 1664 celebra·

121 1687 176 1734 tam,
195 1681 261 1725 novis
272 1681 335 1725 auxit
346 1681 474 1727 honoribus.
505 1679 656 1743 Agrippinam
667 1687 691 1728 et
702 1681 786 1730 Julium

122 1745 151 1791 de
161 1744 241 1790 exsilio
252 1744 349 1791 reduxit.
383 1743 472 1806 Magni
490 1760 580 1806 quoque
594 1761 649 1793 usus
666 1746 690 1792 in
701 1747 787 1808 priores

121 1809 233 1871 principes
245 1808 537 1873 reverentiijusjurandum
549 1812 729 1872 nequesanctius
740 1812 787 1866 sibi,

123 1889 196 1934 neque
206 1875 305 1921 crebrius
319 1875 424 1930 instituit,
443 1890 510 1936 quam
521 1891 561 1937 per
572 1875 715 1938 Augustum.
746 1875 787 1922 'li-

121 1941 184 1986 berio
201 1954 351 1987 marmoreum
369 1955 445 1987 arcum
458 1942 525 2002 juxta
544 1939 647 2003 Pompeii
667 1943 788 1996 theatrum,

123 2005 237 2050 decretum
260 2006 314 2051 olim
336 2006 364 2051 ab
386 2012 472 2061 senatu,
495 2005 535 2053 sed
553 2006 670 2061 omissum,
692 2007 789 2069 peregit

123 2069 208 2117 Omnia
229 2071 318 2131 quidem
339 2068 393 2118 Caii·
406 2077 456 2117 acta
474 2071 571 2126 rescidit,
590 2072 684 2133 ejusque
703 2078 788 2118 statuas

123 2142 192 2181 noctu
204 2135 307 2181 sustulit:
326 2137 399 2182 vetuit
409 2143 545 2182 tameneum
557 2134 682 2198 ignominiai
696 2138 787 2192 notari;

124 2201 227 2260 diemque
246 2200 315 2255 necis,
335 2201 437 2261 quamvis
455 2201 573 2247 exordium
589 2201 730 2263 principatus
746 2202 789 2261 sui,

122 2265 182 2311 inter
203 2264 274 2312 festos
293 2264 385 2313 referri:
408 2281 453 2327 quo
473 2266 547 2313 edicto
564 2266 660 2329 principi
681 2266 787 2328 dignius,

123 2329 243 2378 sceleribus
254 2331 330 2377 odium
341 2330 452 2378 manebat.

156 2391 239 2455 [Haud
249 2396 324 2443 minus
335 2396 454 2458 diligenter
471 2402 562 2442 cautum
577 2402 603 2442 ut
614 2411 675 2442 nova
686 2396 788 2444 domina·

123 2458 156 2505 tio
174 2458 263 2518 regibus
274 2462 357 2507 exteris
369 2461 572 2508 commendaretur.
603 2459 722 2509 Restituta
738 2462 788 2509 An·

124 2523 200 2569 tiocho
213 2520 369 2587 Commagene
386 2541 482 2588 parsque
493 2525 587 2581 Ciliciae,
603 2525 686 2574 sCaio
697 2527 751 2574 data
765 2532 789 2574 et

120 2589 219 2638 ademta
263 2590 420 2647 Mithridates,
439 2589 533 2645 iberus,
559 2591 675 2636 lxrmen'ne
694 2606 747 2644 rex,
764 2592 789 2637 in

114 2659 213 2708 vincula
224 2660 358 2726 conjectus,
376 2660 481 2723 primum
495 2655 638 2701 limantem·
653 2651 738 2694 nerone
750 2666 806 2706 war

109 2743 170 2778 num
185 2730 290 2799 recepit.
322 2726 397 2782 Data
404 2707 825 2777 corrumpentium&
