1680 2910
60 162 81 200 J.
91 162 115 199 C.
125 163 158 206 39·
226 156 279 204 Lm
291 155 364 204 VIII.
380 155 580 204 ANNALIUM.
679 163 726 206 ‘237

62 303 131 336 eaesae
141 289 245 347 arbores3
262 294 409 350 comportatae
419 289 532 334 materiae:
552 294 673 335 exstructae
685 303 726 335 nn·

63 369 120 411 ves;
137 368 189 414 quae
203 369 253 400 curn
271 354 300 400 ad
316 354 448 399 immensam
467 353 652 399 substructionem
670 353 728 400 baud

64 418 201 474 sufficerent,
218 419 327 465 onerariae
337 433 425 479 quoqne
439 418 568 465 contracste.
600 416 663 464 Inter
674 433 729 480 ope·

65 498 140 530 rarum
152 483 295 538 alacritatem,
314 482 377 530 Urbe
388 490 412 528 et
419 480 485 528 Itaiiir
494 482 650 529 alimentorum
661 497 729 544 eges·

65 553 113 596 tate
123 548 279 602 laborantibus,
295 563 352 610 pons
362 548 386 593 in
397 547 497 601 navibus,
514 547 596 609 duplici
611 547 690 594 ordine
700 546 729 594 ad

65 627 161 660 ancoras
177 613 298 668 collocatis,
315 614 483 675 superjectoque
493 627 577 673 ξρετε
588 618 683 666 terreno,
701 626 728 658 ac

65 678 152 724 directo
160 679 183 724 in
194 678 277 740 Appiae
287 679 332 724 viae
341 677 443 732 sormam,
452 683 579 723 constratus
586 683 627 722 est
643 674 729 724 Positae

65 758 156 804 quoque
166 743 190 789 in
201 742 336 789 anfractibus
346 743 453 789 stationes
462 741 571 804 plurimae,
588 740 617 787 ad
633 741 729 804 hospitis

65 815 90 854 et
101 822 166 867 aquae
176 807 248 855 dulcis
258 805 397 869 receptacula
407 814 498 868 paratae.

101 869 174 935 [Tum
185 873 295 934 princeps,
305 870 365 920 vanai
375 871 527 926 admiratione,
539 870 652 932 stultisque
659 884 727 932 opum

66 937 217 984 ostentatione
225 938 337 999 superbus,
355 952 385 992 se,
401 936 537 997 triumphum
546 951 642 996 aequore,
653 935 728 982 Dario

68 1010 92 1048 et
103 1000 183 1048 Xerxe
193 1003 336 1064 superiorem,
348 1001 485 1054 Alexandro,
497 1000 610 1047 debellatis
620 1001 728 1056 hostibus,

66 1067 127 1113 baud
137 1066 264 1114 inferiorern
275 1066 433 1129 lorejactitat3
450 1072 574 1125 cunctaque
585 1065 613 1112 ad
623 1065 727 1112 bellicum

67 1140 199 1192 apparatum
215 1132 372 1193 instruijubet.
405 1130 468 1177 Stato
480 1131 521 1184 die,
539 1129 652 1190 sacrisque
663 1129 728 1190 Nep·

67 1203 131 1251 tuno,
148 1198 279 1257 caeterisque
289 1197 342 1251 deis,
359 1195 491 1242 acmaxirne
501 1193 587 1250 Livori,
604 1209 633 1241 ne
643 1193 730 1256 grande

66 1275 147 1308 ausum
158 1260 241 1308 invidiis
250 1267 394 1323 premeretur,
410 1260 511 1322 peractis,
528 1261 642 1306 thoracem
654 1259 728 1304 Alex-

66 1326 131 1372 andri
139 1326 236 1381 indutns,
253 1322 400 1388 superinjecit
406 1321 517 1387 purpurei
524 1324 641 1385 chlamyde
652 1319 729 1378 sericis,

26 1387 31 1402 ¹
65 1405 122 1437 auro
133 1392 273 1452 gemmisque
283 1388 410 1446 intertexti,
422 1386 523 1451 quercici
534 1386 616 1436 coronis
627 1403 730 1450 equoque

65 1455 181 1517 phalerato
199 1457 301 1518 insignis,
321 1456 399 1510 securi,
420 1451 481 1502 catria
506 1469 532 1503 ac
550 1454 624 1516 gladio
643 1454 728 1509 minax,

64 1526 159 1582 pontem
170 1519 233 1567 Baiis
242 1521 374 1582 ingreditur.
406 1518 489 1581 Longo
501 1519 578 1565 ordine
592 1520 677 1580 equites
688 1533 728 1580 pe·

65 1584 168 1645 ditesque
178 1586 314 1632 hortatorem
323 1591 540 1644 monstratoremque
546 1583 597 1631 belli
605 1584 728 1645 principem

65 1649 144 1704 secuti,
155 1648 293 1711 fulgentibus
304 1650 381 1711 signis,
393 1657 512 1708 trucesque
522 1648 594 1705 vultu,
605 1649 633 1695 od
642 1648 728 1695 Puteo·

66 1713 140 1760 lorum
148 1715 285 1762 obsidionem
296 1719 422 1777 properant.
447 1712 559 1776 Oppidum
571 1713 648 1768 adorti,
657 1710 730 1760 multi.

65 1779 204 1834 velitatione,
221 1781 366 1840 omnibusque
376 1778 428 1824 belli
439 1779 573 1838 imaginibus
584 1786 722 1840 expugnant.

101 1840 184 1906 [Nulla
194 1845 253 1890 urbis
264 1845 346 1891 deditio
356 1843 476 1904 majoribus
490 1843 598 1889 celebrata
611 1843 727 1890 laudibus:

65 1923 109 1955 nec
124 1915 198 1955 tamen
213 1910 310 1955 adulatio
325 1909 447 1956 vanitatem
458 1907 563 1970 principis
578 1922 730 1969 supergressa·

67 1973 103 2020 Ut
111 1973 211 2020 bellicam
223 1976 336 2029 virtutem,
352 1974 384 2020 ita
392 1973 555 2034 fatigationem,
566 1973 679 2026 mentitus,
691 1987 728 2018 re·

64 2038 152 2098 iiquum
170 2039 212 2099 dici
232 2038 357 2086 recreandis
376 2039 459 2085 viribus
477 2038 590 2084 absumsit.
630 2036 727 2084 Postero

66 2102 109 2156 die,
126 2103 154 2149 ad
169 2118 239 2150 novas
253 2104 354 2150 libidines
368 2103 467 2156 alacrior,
485 2101 574 2149 militari
591 2099 673 2163 pompi
690 2116 726 2147 re·

65 2182 158 2228 gressus
170 2176 211 2215 est.
245 2167 295 2216 Ibat
303 2168 443 2229 quadrIgario
453 2168 535 2221 habitu,
553 2167 592 2214 sed
600 2164 676 2212 tunicii
686 2180 728 2211 au·

65 2229 111 2285 red,
127 2232 198 2294 bijugi
211 2232 347 2280 famosorum
366 2247 474 2292 equorum
488 2231 604 2286 curriculo,
622 2229 727 2285 Darium,

64 2296 180 2357 multaque
188 2299 268 2344 deditae
277 2297 337 2345 urbis
347 2299 371 2344 in
382 2298 488 2358 triumphi
498 2297 589 2343 modum
601 2295 671 2357 spolia
681 2309 729 2357 praa

66 2376 92 2408 se
108 2361 190 2408 serens.
222 2362 332 2410 Adstabat
347 2363 531 2425 praetorianorum
551 2375 639 2422 agmen,
663 2360 729 2406 etin

65 2427 150 2473 essedis
167 2428 247 2474 cohors
266 2429 396 2481 amicorum,
412 2427 517 2488 palmatis
530 2426 628 2472 vestibus
638 2424 728 2486 magni·

64 2489 113 2538 lica.
148 2490 213 2540 Pone
223 2494 356 2553 sequebatur
367 2499 509 2555 expugnator
523 2491 641 2546 exercitus,
657 2488 727 2551 pluri·

63 2571 145 2616 maque
156 2559 227 2612 turba,
243 2557 306 2605 vario
317 2557 410 2618 quisque
420 2556 485 2602 cultu
494 2555 605 2617 insigues.

93 2618 168 2683 [Cum
185 2623 214 2670 ad
230 2622 307 2686 pontis
321 2623 426 2672 medium
434 2617 576 2687 peruenere,
587 2610 796 2742 pipant&

52 2684 123 2733 banni
131 2689 233 2740 naribus
249 2691 395 2758 impositum
406 2687 569 2743 commuta
582 2690 658 2731 mm
