1680 2910
88 154 183 198 J.c.to.
237 151 750 208 ANNALIUML121110s2.6.91

86 288 188 349 inquies.
207 285 275 349 plens
291 286 352 335 urbis
369 286 456 338 itinera.
474 285 612 334 collucentes
628 303 669 364 per
680 286 751 337 Cam·

85 368 139 416 pum
151 350 315 400 Martist'aces.
348 349 400 397 Illic
410 351 475 397 miles
486 365 538 397 cum
555 354 629 407 annis,
648 353 697 401 siue
715 355 751 401 iu-

86 417 188 480 signrbus
198 418 350 479 magistratus,
368 417 465 478 populus
478 431 519 477 per
529 417 606 472 tribus,
625 418 752 467 concidisse

85 482 195 544 rempubl.
206 482 262 529 nibil
272 497 320 543 sper
313 481 449 542 reliquum,
461 481 621 538 clamitabant3
637 486 749 544 promtius

82 547 235 610 apertiusque,
254 562 321 608 quam
332 554 358 593 ut
368 546 497 593 meminisse
512 546 687 608 imperitantium
698 565 748 597 crs·

82 612 155 660 deres-
192 612 259 659 Nihil
280 619 356 659 tamen
382 610 498 657 'liberium
520 612 593 673 magis
614 616 748 674 penetravit,

82 692 149 739 quam
157 677 232 725 studia
241 677 358 723 bominum
369 675 463 722 accensa
472 676 495 721 in
511 674 660 739 Agrippinam
669 694 677 734 3
695 688 747 725 cum

41 763 45 770 ’
81 742 149 789 meus
159 743 246 804 patris*⁴
258 742 332 788 solum
342 740 442 802 Augusti
454 741 595 816 sanguinem,
604 743 694 788 unicum
706 759 748 790 an·

80 806 190 868 tiquitatis
200 806 315 884 specimen
333 806 476 867 appellarent,
495 806 598 866 versique
616 807 645 853 ad
663 808 747 855 coelum

75 886 108 939 ,⁸9
123 870 198 933 Deos,
216 872 328 934 integram
339 871 372 916 illi
384 870 489 924 sobolem.
508 885 534 917 ao
545 872 710 932 superstitem
704 873 749 919 rui·

72 926 191 999 Jquorum,
188 942 357 1048 precarentur

112 1000 145 1047 V.
155 1000 192 1049 Fu
206 1017 237 1055 re,
248 1016 288 1062 qur
280 1000 379 1063 publici
389 998 474 1047 funeris
483 1015 589 1062 pompam
600 1002 747 1063 requirerent,

79 1052 286 1129 compararentque,
304 1081 356 1127 quaa
374 1066 398 1112 iu
417 1064 528 1119 Drusum,
545 1072 631 1127 patrem
648 1066 746 1114 Germa·

78 1132 130 1209 nlcj,
146 1132 234 1179 bonora
249 1138 272 1178 ct
289 1129 409 1192 magnifica
419 1129 539 1191 Augustus
549 1129 678 1177 fecisset.
672 1147 745 1193 ipsum

79 1197 161 1259 quippe
170 1196 294 1257 asperrimo
305 1196 386 1242 hiemis
396 1193 503 1241 'Ilcinum
513 1210 584 1255 usquc
591 1210 743 1257 progressum,

77 1276 152 1323 neque
171 1261 327 1308 abscedentem
345 1275 359 1306 a
377 1274 477 1321 corpore,
497 1259 564 1305 simul
576 1259 679 1306 Urbem'
674 1267 744 1308 intra·

78 1327 155 1373 risse.
174 1325 322 1372 circumfusas
340 1325 400 1371 lecto
418 1323 564 1372 Claudiorum
579 1323 743 1386 Liviorumque

77 1391 203 1452 imagines:
223 1389 329 1437 defletum
341 1391 364 1435 in
379 1389 435 1444 soro,
455 1389 570 1436 laudatum
580 1405 622 1451 pro
633 1389 740 1438 Rostris:

77 1463 161 1503 cuncta
174 1470 189 1502 a
199 1456 320 1518 majoribus
331 1462 424 1517 reperta,
442 1461 481 1501 aut
491 1469 544 1515 quoe
554 1455 639 1515 posteri
650 1455 743 1502 invenc-

77 1521 130 1575 rint,
142 1521 263 1568 cumulata.
289 1519 330 1569 ,At
347 1520 483 1566 Germanico
500 1534 529 1565 ne
547 1520 626 1567 solitos
644 1520 742 1581 quidem,

78 1592 103 1632 et
124 1587 259 1646 cuicumque
287 1585 355 1632 nobili
375 1585 467 1639 debitos,
493 1585 589 1632 bonores
614 1586 746 1646 contigisse.

77 1650 139 1698 sane
154 1666 243 1713 corpus,
262 1650 291 1697 ob
308 1650 497 1711 longinquitatem
508 1649 620 1704 itinerum,
641 1651 741 1698 externis

76 1716 143 1763 tcrris
164 1731 255 1778 quoquo
282 1715 350 1762 modo
369 1721 506 1761 crematumr
536 1715 575 1761 sed
596 1721 660 1761 tanto
678 1716 743 1777 plura

78 1780 159 1828 decora
176 1795 232 1828 mox
247 1781 313 1826 tribui
324 1795 364 1842 par
373 1779 449 1834 fuisse,
469 1786 553 1841 quanto
563 1780 635 1842 prima
644 1779 691 1827 sors
702 1796 743 1827 ne·

76 1847 193 1907 gavisset:
213 1860 260 1892 non
270 1844 358 1899 fratres,
376 1845 419 1891 nisi
439 1845 505 1891 unius
521 1844 565 1891 diei
579 1843 623 1898 vii,
641 1860 687 1892 non
704 1861 743 1907 pa-

77 1917 160 1965 buum,
180 1911 259 1957 saltem
270 1908 335 1971 portia
348 1917 421 1964 tenus,
441 1910 538 1956 obvium.
573 1908 619 1955 Ubi
630 1910 669 1956 illa
679 1918 743 1957 vete·

76 1990 126 2021 rum
145 1975 267 2022 instituto?
283 1975 419 2036 propositam
439 1981 489 2021 toro
509 1974 614 2035 effigiem,
636 1975 744 2022 meditata

75 2040 104 2087 ad
114 2042 247 2088 memoriam
261 2040 351 2087 virtutis
362 2039 466 2094 carmina,
485 2045 509 2086 et
525 2038 663 2085 laudationes
674 2046 698 2085 et
708 2039 741 2087 la·

72 2120 169 2167 crymas,
181 2105 219 2152 vel
230 2105 313 2152 doloris
324 2103 481 2151 imitamento?

109 2169 154 2217 Vl.
173 2171 278 2218 Gnarum
299 2169 323 2215 id
345 2169 435 2217 Tiberio
456 2168 515 2226 fuit;
540 2176 609 2229 utque
630 2175 743 2231 premeret

78 2235 501 2378 tintssttitit‘ttiilii
518 2233 744 2346 liitzt'ttlt

76 2360 152 2428 granti
164 2365 274 2412 desiderio
286 2365 435 2411 celebratum:
454 2365 521 2424 idque
532 2372 555 2410 et
567 2365 606 2411 sibi
621 2375 644 2411 ct
656 2366 742 2411 cunctis

74 2433 203 2494 egregium,
223 2430 242 2476 si
258 2431 339 2476 modus
358 2430 503 2492 adjiceretur:
523 2445 568 2476 non
588 2431 648 2476 enim
663 2430 741 2476 eadem

75 2496 156 2544 decora
170 2495 307 2558 principibus
322 2495 377 2542 viris
395 2501 419 2541 et
436 2494 564 2556 imperatori
581 2495 678 2557 populo,
688 2509 740 2554 quae

70 2561 164 2608 morb'cis
175 2560 278 2607 domibus
292 2567 331 2606 aut
347 2559 492 2609 civitatibus:
511 2561 649 2609 conuenisse
657 2558 750 2606 serenis

61 2624 136 2669 dolori
143 2625 240 2680 luctum,
252 2633 319 2674 etex
330 2644 434 2679 moerore
442 2629 544 2679 solatiar
561 2623 767 2677 sebrslcrenbum

41 2684 97 2751 dm
107 2687 212 2746 mlmltm
223 2692 256 2741 ad
263 2691 448 2777 firmitudinem,
461 2706 494 2749 ut
504 2686 787 2771 qnoummll.lsbu=·
