1680 2910
65 155 166 196 Lato.
206 153 399 204 ANNALIUM
415 152 637 204 LraIII.Car.26.
687 157 732 201 101

74 284 150 333 valida
165 281 198 332 D.
204 283 314 348 Augusto
331 287 355 333 in
373 301 443 347 remp.
458 286 563 344 fortunr;
580 287 612 332 ita
627 286 687 333 domi
705 285 742 332 irr-

73 349 247 476 mnut
257 349 577 477 em

76 478 148 526 nisit:
167 494 221 527 nam
232 481 328 542 eulpam,
339 481 398 528 inter
408 482 503 528 virosae
513 480 609 528 feminas
619 481 743 543 vulgatam,

74 544 142 607 grsvi
153 546 247 592 nomine
255 546 360 593 lasarum
376 545 510 608 religionum
521 562 548 593 ae
558 546 649 593 violatae
660 546 743 610 majes-

75 609 131 655 tatis
141 609 281 672 appellando,
298 611 441 658 elementiam
456 612 573 674 majorum,
590 621 686 673 suasque
695 611 745 674 ipse

77 673 143 735 leges
151 675 315 736 egrediebatur.
333 676 379 723 Sed
389 675 483 723 oliorum
495 676 575 730 exitus,
584 676 651 722 simul
662 683 746 723 caetera

76 738 139 785 idiua
156 741 238 796 etatis,
256 741 392 796 memorabo,
408 741 433 794 si,
450 739 535 787 effectis
550 741 574 787 in
584 755 637 801 quie
652 740 745 794 tetendi,

78 803 156 867 plum
175 805 203 852 sd
221 820 287 853 suras
301 806 371 852 vitam
393 804 527 867 produxero.
564 804 700 859 D.Silanus,
720 806 745 851 in

78 868 142 930 nepti
160 869 262 932 Augusti
279 870 372 925 adulter,
395 885 528 932 quamquam
548 886 594 916 non
614 871 672 916 ultra
688 869 748 916 soret

79 933 194 989 saevitum,
205 950 273 996 quam
283 942 310 982 ut
320 932 417 982 unicitii
425 934 523 983 Caesan's
533 936 693 997 prohiberetur,
705 948 746 981 ex·

79 997 156 1044 silium
167 999 209 1046 aibi
225 1000 373 1047 dernonstran'
391 1000 514 1047 intellexit:
535 1015 583 1054 nee,
600 1000 643 1046 nisi
654 998 747 1046 'liberio

80 1062 230 1123 imperitante,
250 1065 363 1126 depreuari
381 1072 525 1112 senatumne
540 1065 663 1127 principem
679 1078 747 1110 ausus

79 1134 122 1181 eat,
135 1127 173 1174 M.
182 1128 253 1177 Silani
263 1129 338 1177 fratris
347 1128 456 1192 potentii,
467 1129 506 1189 qui
514 1144 554 1191 per
560 1130 673 1191 insignem
682 1129 746 1175 nobi-

79 1191 168 1240 litatem
185 1201 210 1240 et
231 1195 384 1255 eloquentiam·
398 1195 546 1256 praecellebat.
580 1194 626 1240 Sed
642 1192 747 1240 liberius

79 1264 158 1319 grates
173 1260 251 1320 agenti
270 1259 353 1313 Silano,
368 1260 468 1322 patribus
487 1274 570 1312 eoram,
585 1258 705 1321 respondit,
723 1273 749 1305 se

80 1337 172 1384 quoque
182 1325 261 1378 laetari,
272 1325 333 1386 quod
343 1324 412 1372 trater
426 1326 474 1387 ejus
486 1340 499 1371 e
509 1324 689 1387 peregrinatione
697 1323 747 1369 lon·

80 1386 168 1450 ginqud
176 1389 318 1437 revertisset:
337 1390 405 1451 idque
416 1391 470 1453 jure
482 1389 576 1444 licitum,
592 1390 701 1450 quianon
713 1403 749 1434 se·

82 1453 273 1509 settis-consulto,
286 1469 331 1501 nou
341 1454 393 1516 lege
399 1455 476 1516 pulsu
483 1454 555 1502 soret:
570 1455 611 1501 sibi
622 1461 697 1500 tamen
708 1453 748 1500 ad·

81 1532 163 1566 vasus
173 1534 226 1565 eum
237 1520 338 1582 integras
347 1520 445 1581 parentis
462 1521 495 1566 sui
507 1519 658 1576 offensiones3
676 1533 750 1579 neque

84 1582 159 1631 reditu
185 1584 257 1631 Silani
276 1584 390 1641 dissolute,
412 1600 465 1645 quae
487 1585 608 1647 Augustus
634 1583 750 1630 voluisset.

86 1645 141 1695 Fuit
148 1649 243 1710 posthac
253 1649 278 1695 iu
291 1648 360 1706 Urbe,
372 1665 444 1711 neque
454 1651 551 1697 bonores
560 1650 653 1709 adeptus
661 1654 703 1695 est.

118 1712 203 1760 XXV.
219 1713 326 1761 Relatum
337 1714 418 1761 deinde
425 1714 453 1762 de
461 1712 596 1762 moderandi
608 1712 678 1776 Papid
687 1711 749 1775 Pop·

82 1776 141 1840 μί,
152 1794 220 1839 qnam
239 1779 314 1826 senior
328 1779 455 1842 Augustus,
470 1787 521 1842 post
531 1779 604 1828 Julias
615 1779 751 1841 rogationes,

83 1842 206 1891 incinndis
221 1844 326 1891 ooeliburn
336 1846 411 1907 poenis
422 1851 445 1891 et
455 1845 559 1907 augendo
574 1845 653 1891 aerario
668 1858 750 1890 sanxe-

84 1914 132 1955 rat:
151 1924 195 1955 nee
211 1909 262 1956 ideo
279 1910 385 1972 conjugia
399 1916 422 1956 et
433 1910 576 1957 educationes
594 1907 688 1954 liberdm
704 1907 750 1955 fre·

84 1974 257 2034 qrnntabantur,
275 1973 397 2034 praevalidi
412 1975 513 2022 orbitate.
547 1971 662 2022 ceterum
673 1971 752 2019 multi·

84 2038 142 2085 trado
152 2039 326 2100 periclitantium
342 2039 457 2102 gliscebat,
474 2055 525 2086 eum
537 2039 611 2086 omnis
622 2037 702 2084 domus
712 2036 752 2083 de·

84 2103 183 2151 latorum
193 2103 414 2166 interpretationibus
421 2105 598 2152 subverteretur:
612 2108 682 2163 utque
689 2108 754 2149 ante·

84 2168 128 2215 irae
139 2166 238 2231 flagitiis,
249 2170 282 2216 ita
289 2169 439 2232 tunelegibus
447 2170 595 2216 laborabatur.
617 2167 654 2214 Ea
664 2181 701 2214 res
712 2165 753 2214 ad·

84 2239 207 2288 monetam
217 2233 246 2280 de
255 2234 369 2296 principiis
376 2235 441 2296 juris,
453 2242 476 2282 et
486 2234 566 2295 quibus
576 2232 649 2280 modis
660 2232 688 2278 ad
695 2233 754 2280 bane

86 2298 255 2347 multitudinem
265 2298 376 2346 indrdtam
386 2315 413 2347 ae
423 2300 554 2346 varietatem
568 2298 645 2360 legum
657 2312 755 2360 perven-

87 2370 137 2409 tum
147 2363 184 2417 sit,
195 2363 264 2410 altius
274 2364 390 2412 disseram.

120 2425 220 2475 XXVI,
231 2426 387 2476 Vetustissimi
397 2430 532 2485 mortalium,
545 2424 606 2474 nulli
617 2427 689 2475 adbuc
697 2426 757 2474 mali

86 2492 187 2546 libidine,
200 2493 256 2540 'tine
269 2495 357 2556 probro,
374 2496 465 2550 scelere,
481 2508 553 2556 eoque
569 2493 618 2540 sine
633 2491 703 2556 poeui
716 2500 757 2538 aot

89 2557 264 2606 wircitionibur
284 2560 395 2624 agebant:
416 2577 493 2628 nsque
511 2559 617 2627 prandia
634 2572 696 2622 opus
712 2560 775 2608 erat«

75 2635 135 2695 repr-1¹
154 2622 251 2671 bonum
274 2635 360 2692 suopte
383 2631 483 2701 iugenio
507 2635 670 2697 peterentur3
693 2628 730 2675 ebs
748 2617 796 2662 ὦ

69 2683 131 2730 rubr!
139 2692 221 2736 eontra
232 2703 326 2746 mosem
350 2710 479 2768 cuperent,
492 2700 559 2755 nibil
567 2712 618 2767 per
627 2699 729 2744 mamm
736 2688 813 2731 W*

548 2784 568 2820 l
578 2773 600 2817 3
