1680 2910
190 136 207 179 4
287 126 479 178 ANNALIUM
495 127 549 176 Lm.
560 127 580 176 Ι.
591 125 651 178 Car.
661 134 684 177 6.
736 131 766 172 U.
778 137 838 182 ω

189 261 244 308 tudo
255 259 368 324 Augusti:
388 267 411 307 et
421 260 509 322 quidam
518 259 591 308 scelus
599 261 676 307 uxoris
686 261 817 321 suspectaba

191 325 282 388 Quippe
297 341 373 373 rumor
387 327 514 381 incesserat,
530 339 614 386 paucos
630 333 682 372 ante
697 341 785 371 menses
799 324 827 372 A

189 400 288 453 gustum,
300 392 377 438 electis
388 391 489 445 consciis,
506 396 529 436 et
540 391 622 436 comite
633 405 678 437 uno
690 389 808 436 Fabium
833 417 840 430 =

189 470 234 510 mo,
244 454 369 502 Planasiam
378 465 467 502 vectum
475 455 625 517 adalsendum
634 455 770 517 Agrippam:
790 470 839 503 mu

188 527 224 567 tas
234 520 279 566 illic
290 521 401 581 utrimque
411 521 523 579 lacrymas
534 527 557 566 et
568 520 633 581 signa
644 520 757 575 caritatis;
774 535 823 580 spc

189 601 234 646 que
244 600 273 632 ex
284 600 317 638 eo,
334 584 383 632 fore
394 594 418 631 ut
427 585 519 647 juvenis
528 585 644 660 penatibus
655 585 690 631 avi
703 584 837 630 redderetur

188 650 249 710 quod
258 650 385 696 Maximum
393 650 457 696 uxori
465 649 560 696 Marcrae
567 651 683 711 apembse,
691 649 751 695 illam
760 647 835 695 Liviae

189 730 286 775 gnarum
308 716 329 761 id
353 713 451 762 Caesari:
476 729 550 774 neque
570 715 642 761 multo
663 724 715 776 post
736 715 834 761 exstinct

189 778 300 835 Maximo,
318 781 420 842 (dubium
432 794 460 825 an
471 776 565 839 quaesiti
582 778 665 838 morte)
679 779 766 826 auditos
777 780 800 824 in
811 778 836 825 fu

188 859 243 890 nera
261 846 308 907 ejus
323 843 419 891 Marciae
435 845 541 905 gemitus,
558 853 629 889 semet
642 845 771 899 incusantis,
788 858 840 902 quo

189 923 257 956 causa
266 910 327 955 exitii
339 910 419 956 marito
429 909 515 955 fuisset.
548 907 678 968 Utcumque
689 925 713 955 se
724 925 751 955 ea
762 923 796 954 res
808 910 830 953 b:

187 973 242 1027 buit
258 974 351 1020 vixdum
362 976 477 1036 ingressus
493 972 610 1034 Illyricum
622 972 731 1026 Tiberius,
748 973 836 1035 properi

188 1038 266 1084 matris
284 1039 354 1085 literis
373 1041 467 1085 accitur:
489 1053 561 1100 neque
578 1039 632 1084 satis
649 1046 786 1099 compertum
806 1053 840 1084 es

189 1105 307 1164 spirantem
318 1104 390 1150 adhuc
402 1103 532 1166 Augustum
548 1103 607 1165 apud
622 1105 698 1149 urbem
711 1102 801 1157 Nolam,
824 1127 840 1141 s<

188 1168 313 1214 exanimem
330 1169 450 1230 repererit:
469 1170 555 1214 acribus
571 1183 666 1227 namque
683 1168 789 1214 custodiis
805 1167 830 1213 d·

188 1246 252 1291 mum
262 1239 286 1291 et
295 1233 344 1278 vias
351 1239 449 1293 sepserat
460 1232 538 1278 Lirim
557 1232 647 1292 laetique
655 1232 765 1279 interdum
775 1233 839 1278 nunti

188 1295 343 1357 vulgabantur,
361 1297 438 1350 donec,
454 1298 549 1357 provisis
564 1312 615 1356 quae
632 1304 719 1358 ternpus
735 1298 830 1344 monebu

188 1361 255 1406 simul
266 1361 389 1408 excessisse
396 1361 526 1422 Augustum
534 1370 557 1406 et
565 1376 639 1407 rerum
648 1362 713 1423 potiri
722 1360 838 1408 Neronem

188 1424 248 1471 lama
258 1427 335 1472 eadem
347 1426 405 1472 tulit.
568 1470 578 1487 ¹,

220 1488 266 1535 VI.
282 1490 383 1536 Primum
391 1490 477 1537 facinus
486 1490 538 1537 novi
549 1490 684 1552 principalius
692 1491 734 1536 fuit
744 1489 838 1537 Postum

188 1553 298 1616 Agrippae
309 1555 382 1601 caedes
388 1572 395 1611 ;
412 1570 478 1614 quern
489 1556 592 1616 ignarum
604 1556 758 1616 inermumque
768 1571 833 1616 quam

103 1628 106 1633 '
187 1619 223 1664 vis
233 1617 333 1666 firmatus
345 1620 419 1666 auimo
430 1621 530 1666 centurio
542 1635 604 1680 aegre
615 1619 717 1667 confecit.
746 1620 810 1666 Nihil
818 1621 840 1666 d:

187 1682 215 1730 ed
226 1698 250 1729 re
261 1682 364 1731 Tiberius
378 1684 435 1746 apud
450 1693 551 1730 senatum
567 1685 682 1730 disseruit:
701 1685 770 1746 patris
781 1687 840 1747 jus

186 1748 311 1803 simulabat,
333 1749 412 1809 quibus
428 1749 599 1810 praescripsisset
621 1750 715 1803 tribuno.
739 1750 840 1796 custodi

185 1814 294 1875 opposito,
313 1829 343 1860 ne
361 1821 502 1859 cunctaretur
521 1814 645 1875 Agrippam
662 1821 736 1860 morte
752 1814 815 1860 affice

186 1879 319 1939 quandoque
330 1879 378 1939 ipse
388 1892 516 1940 supremum
527 1880 586 1924 diem
597 1878 738 1940 explevisset.
770 1878 823 1924 Mul

185 1944 234 1990 sine
241 1944 308 1990 dubio
316 1958 419 2003 saevaque
428 1943 547 2003 Augustus
555 1945 582 1988 de
594 1943 692 1988 moribus
700 1942 833 1989 adolescenti

185 2016 284 2070 questus,
296 2017 322 2054 ut
332 2009 434 2054 exsilium
441 2008 489 2068 ejus
500 2006 705 2053 senatuis-consulto
716 2009 839 2053 sanciretur

184 2072 320 2135 perfecerat:
341 2078 448 2118 caeterum
463 2072 487 2117 in
499 2071 581 2117 nullius
591 2085 689 2130 unquam
704 2086 794 2118 suorum
807 2087 836 2117 ne

186 2154 234 2184 cem
253 2138 351 2192 duravit;
369 2142 441 2196 neque
458 2142 553 2180 mortem
572 2135 648 2195 nepoti
667 2151 707 2196 pro
726 2137 840 2182 securitat

184 2202 281 2263 privigni
292 2203 382 2256 illatam,
399 2200 502 2246 credibile
512 2206 566 2245 erat.
594 2199 689 2260 Propius
699 2216 760 2252 vero.
777 2200 821 2247 Tib

184 2267 241 2311 rium
253 2280 279 2312 ac
291 2265 387 2322 Liviam,
398 2266 460 2310 illum
470 2272 537 2317 metu,
550 2265 606 2310 lranc
617 2267 771 2312 novercalibus
782 2267 838 2312 odiis

184 2331 283 2390 suspecti
294 2337 316 2376 et
326 2331 391 2377 invisi
399 2330 490 2393 juvenis
502 2329 586 2374 caedem
596 2329 743 2376 festinavisse
776 2329 832 2376 Nun

183 2396 247 2441 tianti
259 2396 388 2449 centurioni,
407 2405 432 2440 ut
445 2409 494 2439 mos
508 2394 600 2448 militiae,
617 2393 700 2440 factum
713 2409 768 2446 esse,
785 2410 840 2454 quo

183 2457 320 2521 impertisset,
338 2475 409 2519 neque
423 2455 544 2518 impertisse
560 2474 614 2511 sese,
631 2465 654 2504 et
669 2458 777 2504 rationem
792 2458 838 2505 fact

177 2524 314 2569 reddendam
329 2525 390 2584 apud
405 2530 516 2577 senatum,
540 2523 664 2586 respondit.
695 2522 768 2576 Quod
786 2538 832 2583 pos

162 2599 234 2639 quam
244 2587 370 2635 Sallustius·
381 2588 486 2654 Crispus,
498 2592 618 2654 particeps
630 2594 784 2639 secretorum,
795 2587 828 2647 (ts

146 2644 267 2696 m'bunnm
279 2654 382 2704 miserat
392 2656 533 2724 codicillos)
553 2656 690 2723 comperit3
707 2660 829 2704 metum&
