1680 2910
65 156 163 195 nutu
199 148 390 198 ANNALIUM
408 149 460 197 Lm.
471 149 516 198 IV.
529 149 588 199 Car.
600 153 640 197 47.
683 153 728 196 153

66 283 177 346 proripuit
197 298 222 330 ae
244 283 379 338 custodibus,
396 297 494 343 saxoque
512 288 579 343 caput
596 279 681 335 afflixit,
705 285 732 325 ut

66 348 143 394 statim
154 349 326 394 exanimaretur.
354 347 398 394 Sed
410 346 464 394 Piso
475 345 668 393 Termestinorum
677 343 731 392 dolo

66 424 140 459 oaeaus
156 413 264 470 habetur;
281 413 319 473 qui
335 412 446 473 pecunias,
463 411 574 473 epublioo
586 411 729 472 interceptas,

62 478 146 531 aerius,
159 492 225 537 quam
237 483 263 523 ut
270 477 391 524 tolerarent
400 478 491 531 barbari,
504 477 606 538 cogebat.

99 540 195 588 XLVI·
212 541 310 588 Lenllsso
326 542 446 594 Gaelullco,
467 539 494 590 c·
511 539 565 588 Gal·
599 571 625 619 U
639 570 660 620 c
674 573 722 620 779

66 606 125 653 visio
146 604 223 661 Corn,
241 607 331 653 decreta
347 607 452 668 triumphi
468 604 576 667 insignia‘
608 607 631 686 J'
640 604 667 685 θ’
679 603 730 683 26'

67 669 170 732 Poppaeo
182 671 271 726 Sabino,
280 671 380 718 contusis
387 670 500 718 Thracum
507 686 564 732 gen·
626 671 632 684 '
662 668 668 682 '
712 669 735 701 '-

67 736 135 788 tibus,
152 736 190 796 qui
205 737 316 782 montium
333 736 397 782 editis
414 736 499 789 inculti,
516 742 583 796 atque
594 749 622 780 eo
632 734 730 781 ferocius

65 800 188 862 agitabant.
213 798 289 849 Causa
304 800 386 854 motus,
402 815 469 862 super
479 801 595 846 hominum
605 800 730 861 ingenium,

66 864 128 926 quod
139 865 187 926 poti
195 865 301 919 delectus,
316 872 340 912 et
350 865 510 912 validissimum
521 879 633 924 quemque
643 863 730 910 militiae

67 936 153 976 nostrae
164 930 217 976 dare
228 931 429 991 adspemabanturr
447 944 477 976 ne
488 931 579 991 regibus
589 929 678 989 quidem
690 942 730 988 pu·

67 1008 125 1049 rere,
137 995 178 1041 nisi
190 1010 220 1041 ex
228 994 325 1050 libidine,
337 995 403 1048 soliti,
420 1001 464 1049 aut,
480 995 498 1040 si
514 995 629 1040 mitterent
640 993 728 1048 auxilia,

66 1072 121 1107 auos
137 1059 241 1107 ductores
256 1059 376 1121 praeficere,
396 1075 438 1106 neo
454 1059 496 1106 nisi
512 1059 629 1105 adversum
640 1057 728 1103 accolas

65 1122 205 1186 belligerare.
237 1123 333 1172 Actum
344 1139 421 1173 rumor
431 1124 557 1177 incesserat,
570 1123 625 1177 fore,
640 1129 667 1168 ut
683 1121 729 1168 dir-

61 1188 126 1250 jecti,
142 1189 236 1250 aliisque
246 1190 373 1236 nationibus
384 1189 495 1250 permixti,
514 1189 613 1235 diversas
624 1187 647 1233 in
658 1192 729 1233 terras

65 1253 214 1300 traherentur.
248 1254 299 1308 Sed,
311 1261 429 1315 antequam
438 1269 500 1301 arma
509 1253 639 1315 inciperent,
648 1247 730 1297 misere

65 1317 162 1378 lagatos.
173 1318 301 1374 amicitiam,
320 1319 495 1380 obsequiumque
510 1324 687 1372 memoraturos;
707 1321 730 1362 et

65 1397 173 1430 marrsura
183 1384 241 1440 baec,
259 1385 277 1430 si
288 1384 350 1430 nullo
362 1399 421 1430 novo
433 1398 501 1430 onere
511 1388 666 1429 tentarenturr
686 1380 729 1435 ain,

66 1453 92 1492 ut
102 1447 176 1503 victis,
192 1448 307 1496 servitium
323 1449 463 1502 indiceretur,
480 1463 530 1495 esse
548 1447 588 1494 sibi
605 1446 688 1493 serrum
705 1451 730 1492 et

60 1512 213 1574 juventutem,
232 1520 255 1559 et
273 1520 385 1575 promtum
401 1513 504 1569 libertati,
522 1519 561 1559 aut
580 1511 607 1558 ad
623 1517 727 1566 mortem,

65 1577 173 1623 animum.
207 1577 280 1624 Simul
290 1578 386 1632 castelle,
403 1579 492 1640 rupibus
510 1577 579 1623 indita
590 1575 730 1635 collatouque

64 1640 120 1687 illue
136 1648 240 1702 parentes
256 1648 280 1689 et
296 1643 410 1704 conjuges,
427 1642 585 1697 ostentabant3
601 1640 730 1700 bellumque

63 1705 203 1815 ἰωῗᾱίῐιιω,
215 1707 314 1773 arduum,
327 1714 451 1762 cruentum,
462 1707 632 1753 minitabantur.

126 1768 206 1818 LVII.
223 1771 258 1817 At
278 1772 379 1825 Sabinus,
399 1772 470 1818 donec
487 1771 599 1818 exercitus
616 1770 641 1817 in
656 1784 728 1816 unum

63 1835 208 1889 conduceret,
219 1835 277 1883 datis
287 1837 378 1882 mitibus
389 1837 508 1898 responsis,
525 1836 577 1882 dum
590 1834 730 1895 Pomponius

64 1896 143 1946 Lnbeo
154 1914 167 1947 e
178 1898 266 1947 Moesrt
275 1916 327 1947 cum
336 1900 434 1963 legione,
446 1915 486 1947 rex
496 1899 665 1946 Rhoemetalces
676 1913 728 1945 cum

63 1963 154 2010 auxiliis
163 1965 309 2027 popularium,
327 1967 365 2025 qui
381 1964 448 2012 fidem
460 1979 506 2011 non
517 1971 666 2019 mutaverant,
685 1979 726 2011 ve·

63 2029 123 2075 niret
129 2045 137 2086 ;
154 2027 229 2076 additt
239 2031 344 2091 praesenti
355 2027 425 2092 oopii,
437 2030 465 2077 ad
475 2030 563 2076 bostem
574 2029 654 2090 pergit,
664 2043 727 2075 com·

62 2093 161 2154 positum
174 2096 222 2157 J'am
242 2111 282 2156 per
301 2095 416 2156 angustius
434 2095 537 2140 saltuum.
571 2092 669 2146 Quidum
686 2106 728 2140 au·

61 2158 152 2204 (lentius
163 2160 245 2220 apertis
258 2161 281 2205 in
293 2159 386 2207 collibus
396 2159 538 2215 visebantur3
551 2172 607 2218 quon
618 2157 665 2203 dux
675 2156 727 2204 Ro·

61 2237 150 2277 manus,
162 2225 210 2270 acie
220 2239 362 2286 suggressus,
373 2225 432 2271 baud
443 2239 505 2286 aegre
514 2223 605 2284 pepulit,
618 2223 729 2284 sanguine

61 2287 206 2334 barbarorum
226 2289 320 2343 modico,
339 2290 368 2336 ob
386 2289 511 2351 propinqua
529 2286 634 2348 suffugia.
665 2286 727 2334 Mox

61 2353 141 2398 castris
155 2353 179 2399 in
189 2353 240 2400 loeo
251 2354 395 2400 communitis
410 2350 485 2400 validi
495 2367 563 2398 manu
573 2359 674 2398 montem
683 2367 725 2398 oc-

61 2423 135 2478 cupat,
155 2425 276 2478 angustum
287 2425 311 2464 et
327 2418 406 2479 aequali
425 2418 492 2464 dorso
508 2417 639 2464 continuum
654 2430 726 2478 usque

62 2481 90 2528 ad
102 2482 229 2542 proximum
240 2482 363 2537 castellum,
376 2481 435 2543 quod
446 2497 528 2543 magna
538 2483 573 2528 sia
584 2488 675 2535 ennato,
687 2489 727 2528 aut

60 2545 182 2599 incondita,
202 2548 319 2594 tuebatur:
339 2547 407 2596 simul
416 2548 441 2594 in
451 2545 615 2600 ferocissimos,
624 2547 667 2605 qui
678 2553 741 2591 anm
753 2582 755 2585 .

58 2610 148 2664 mlum,
171 2626 236 2660 more
257 2615 343 2676 gentis,
363 2630 419 2664 curn
434 2613 581 2664 carminibus
600 2616 629 2656 et
640 2605 758 2665 mqubba

41 2673 209 2735 persultabant,
226 2680 302 2731 mittit
317 2683 426 2735 delectos
443 2679 644 2749 sagittariorum·
667 2665 778 2722 mm
797 2701 801 2741 j
