1680 2910
116 151 148 199 aa
196 146 392 200 ANNALIUM
406 145 505 196 lusti.
516 145 577 199 (ιιι.
588 149 629 196 75.
665 152 781 197 nona-

118 287 189 334 erant,
198 295 239 341 qur
232 279 348 333 ’,ιοιιιιιιιι
360 285 457 332 aetatem
468 292 542 341 poue
552 278 638 332 mortis,
649 278 680 325 ob
690 278 783 340 propin·

119 345 227 406 quitatem
243 345 311 392 etiam
327 343 456 391 loeornrn‘
449 358 473 389 m
488 344 572 404 quibus
590 343 682 399 interiit,
702 342 786 405 Magni

121 409 245 456 Alexandri
260 408 314 457 fatis
331 410 481 485 adaequarent:
512 407 576 456 Nam
595 416 717 470 utrumque
733 423 785 455 eor·

120 489 174 536 pore
184 474 274 528 decoro,
293 489 378 536 genere
396 473 486 534 insigni,
504 474 564 520 baud
580 473 677 520 runltum
692 473 787 536 triginta

122 553 193 585 annos
204 553 327 601 egressum,
335 552 428 586 urorum
438 538 530 595 insidiis,
542 545 646 586 exterum
657 539 716 585 inter
727 553 786 600 gen·

121 609 157 649 tes
168 604 289 650 occidisse·
308 604 419 651 sedbuno
433 603 511 650 mitem
529 619 584 666 erga
602 604 694 658 amicos,
711 603 786 650 modi·

122 682 174 714 cum
189 669 336 730 voluptatum,
357 684 403 716 uno
421 668 570 724 matrimonio,
588 669 656 715 certis
673 668 751 714 liberis
761 683 786 715 e·

121 732 207 847 ςιιιεώτΐ
219 747 290 795 oeque
307 734 558 797 minusproeliatorem3
575 733 642 780 etiam
657 733 676 780 si
693 734 787 780 meri·

167 797 268 853 abfuem,
279 800 460 876 prepeditusque
471 800 507 855 sit,
518 799 631 861 perculsas
638 804 673 844 tot
683 798 787 845 victoriis

124 863 259 911 Gmauins
273 865 364 911 servitio
381 879 488 926 premere.
520 863 617 918 Quod'
599 879 619 910 ιι
629 863 693 910 solus
704 863 787 910 arbiter

123 943 205 983 rerum,
224 929 243 974 si
257 929 310 990 Jure
326 936 350 976 et
361 930 452 976 nomine
461 931 525 990 regio
536 929 621 985 fuisset,
633 935 697 976 tanto
708 943 785 990 prom·

122 994 168 1040 tius
179 1000 332 1040 assecuturum
343 994 438 1054 gloriam
455 993 547 1049 militie,
563 1000 672 1055 quantum
685 993 786 1040 elemen-

122 1056 160 1113 tiri,
178 1057 331 1120 tempernutii,
348 1060 436 1106 caeteris
452 1059 518 1105 bonis
533 1059 616 1106 artibus
637 1059 787 1120 praestitisset.

123 1121 213 1184 Corpus
223 1131 343 1184 antequam
359 1134 501 1178 cremaretur,
517 1124 626 1170 nudauun
637 1125 660 1169 in
671 1121 722 1171 loro
732 1125 785 1170 An·

122 1188 279 1243 tioebensium,
298 1189 337 1250 qui
347 1188 410 1236 locus
420 1186 542 1250 sepulturae
552 1187 710 1244 destinabatur,
725 1203 785 1250 pre-

123 1253 230 1301 tuleritne
244 1254 347 1301 venetieii
365 1255 438 1315 signs,
455 1267 534 1314 parum
550 1253 664 1300 constitit:
681 1267 743 1306 nam,
762 1261 786 1298 ut

123 1318 173 1378 quis
184 1316 337 1365 misericordiis
348 1319 371 1364 in
389 1318 558 1372 Germanicum,
577 1324 601 1363 et
613 1315 738 1378 presumtir
747 1332 786 1363 su·

125 1383 226 1444 spinione
236 1390 275 1429 aut
285 1382 363 1430 snvme
373 1383 397 1429 in
409 1383 516 1430 Pisonem
525 1383 622 1445 pronior,
628 1382 710 1428 diversi
717 1383 787 1428 inter-

123 1449 274 1509 pretabantur.

156 1509 276 1560 LXXIV.
294 1510 453 1561 Consultatum
463 1513 517 1559 inde
527 1513 586 1559 inter
594 1512 690 1573 legatos,
705 1511 788 1572 quique

124 1577 162 1625 alii
174 1583 302 1624 senatorum
313 1577 411 1632 aderant,
423 1578 526 1639 quisnam
539 1577 612 1637 syrie
622 1575 786 1640 praefioeretur:

126 1649 156 1696 et,
175 1642 263 1689 cseteris
274 1643 361 1690 modioe
372 1643 434 1698 nisis,
453 1643 513 1690 iuter
531 1641 624 1688 Vibium
643 1640 749 1688 Marsum
765 1648 790 1688 et

127 1705 171 1754 Cn.
180 1706 284 1753 Sentium
301 1709 340 1755 diu
350 1709 483 1769 quesitum:
503 1708 554 1754 dein
567 1706 660 1754 Marsus
670 1707 753 1753 seniori
763 1713 788 1753 et

124 1772 197 1818 acrius
208 1771 309 1818 tendenti
321 1772 398 1820 Sentio
410 1774 529 1821 mnoessia
553 1769 622 1833 Isque
632 1770 738 1818 infamem
746 1786 787 1818 ve·

125 1833 245 1882 nedciis
221 1838 282 1884 eain
293 1837 415 1899 provincii,
435 1847 458 1885 et
474 1836 590 1884 Plancinae
606 1851 727 1898 percaram,
744 1851 787 1881 no-

124 1901 187 1949 mine
198 1900 354 1958 Martinam'
349 1919 372 1950 m
391 1902 478 1950 Urbem
489 1903 558 1978 misit,
568 1901 732 1978 postulantibus
744 1898 788 1945 Vi-

125 1966 188 2013 tellio
198 1982 224 2013 ae
237 1967 342 2022 Veranio,
354 1970 493 2028 ceterisque,
512 1968 549 2028 qui
562 1967 655 2012 crimina
665 1974 688 2012 et
699 1980 790 2011 accuss-

125 2031 217 2084 tionem,
240 2039 353 2094 tamqnam
371 2033 478 2079 adversm
497 2039 599 2094 receptos
613 2033 662 2094 jam
679 2045 736 2084 reos,
756 2030 792 2076 in-

126 2096 249 2143 struebant.

160 2159 267 2207 LXXV.
284 2161 317 2208 At
333 2161 466 2223 Agrippina,
483 2176 616 2222 quamquam
629 2158 716 2205 defessa
727 2159 790 2204 luctu

128 2233 152 2273 et
163 2241 256 2287 corpore
266 2242 336 2287 aegro,
353 2228 453 2273 omnium
464 2234 547 2277 tamen,
559 2241 610 2286 quae
621 2225 730 2271 ultionem
742 2239 792 2270 mo·

129 2298 238 2345 rarentur,
250 2292 378 2344 intolerans,
390 2292 505 2337 adscendit
516 2291 609 2336 classem
618 2305 669 2336 eum
681 2289 794 2335 cineribus

131 2356 260 2402 Germanici
273 2364 295 2402 et
306 2356 393 2412 liberis3
411 2356 566 2402 miserantibus
578 2355 672 2409 cunctis,
687 2354 748 2415 quod
759 2353 794 2399 fe-

129 2420 192 2465 mina
203 2421 317 2466 nobilitate
334 2421 443 2481 princeps,
462 2421 611 2482 pulcherrimo
630 2421 697 2466 modo
715 2420 793 2465 matri-

128 2485 213 2538 monio,
231 2487 290 2532 inter
300 2492 433 2532 venerantes
451 2493 609 2547 gratantesque
620 2485 703 2546 adspiei
720 2483 792 2537 solita,

125 2556 181 2595 tuoe
189 2549 273 2598 ferales
283 2550 387 2612 reliquias
399 2551 448 2598 sinu
457 2551 531 2606 terret,
548 2552 632 2597 incerta
644 2549 740 2601 ultionis,
752 2562 793 2592 arr-

108 2615 150 2660 xr'a
160 2617 206 2672 sni,
220 2625 244 2666 et
254 2616 341 2667 infelici
353 2618 496 2668 fecunditate
506 2615 608 2664 lortunae
616 2615 686 2660 toties
696 2613 801 2656 ebusum.

99 2677 220 2734 Pisonem
239 2686 340 2738 iuterim
361 2685 527 2755 apudConm
536 2682 642 2732 insulam
648 2675 747 2724 nuntius
755 2685 819 2718 asse·

18 2808 33 2869 l
