1680 2910
95 168 144 217 174
286 160 578 216 SUPPLEMENTUM
644 163 764 213 u.c.sss.

90 297 150 361 pina,
161 311 232 358 gnara
242 296 279 344 vel
286 297 309 344 in
321 296 441 345 sceleribus
449 295 541 343 modum
552 307 610 349 esse,
619 291 761 356 potentiam·

90 377 134 425 que
146 361 230 423 sejani,
241 363 264 408 in
276 364 365 419 insanas
378 362 508 410 atrocitates
519 357 634 415 effrenum,
650 370 702 407 essa
712 357 762 405 rul-

94 441 131 474 uae
141 427 274 487 proximam.

124 489 170 554 [At
180 491 224 548 ille,
237 507 342 539 successu
353 491 462 538 scelerum
474 490 588 552 superbus,
599 486 705 536 Drusum
717 500 760 550 sg-

90 556 204 619 greditur:
224 572 321 617 eumque
339 565 365 603 ut
381 562 501 618 pervertat,
516 552 634 601 AEmiliam
646 551 760 614 lepidam

90 621 173 683 stupris
189 621 230 667 sibi
249 622 365 684 illigatam,
384 621 498 668 affinitatis
508 628 532 666 et
546 617 707 665 dominationis
718 630 761 678 spe

90 685 119 733 ad
129 685 201 732 ioedas
211 687 353 732 accusatricis
363 693 437 747 partes
447 684 538 731 excitat.
560 682 664 736 Femina,
673 688 761 742 quanto

92 751 116 796 in
132 750 245 797 libidinem
263 751 388 813 projectior,
407 757 470 797 tanto
488 748 598 801 audacior,
616 746 664 793 adit
673 745 759 809 princi·

90 828 158 877 pem;
174 815 275 876 plurimis
285 817 309 862 in
321 815 478 877 Agrippinam,
489 814 512 859 in
524 811 640 859 Neronem
651 810 759 858 crimina·

90 880 194 935 tionibus,
214 888 290 927 vetera
305 881 363 934 odia,
382 886 484 926 recentes
494 879 538 924 iras
548 875 690 923 inflammata
708 882 759 921 tum

88 943 168 992 iisdem
190 944 310 992 sceleribus
332 944 435 992 Drusum
457 943 568 999 innectit;
591 949 660 988 aetate
682 946 760 987 tamen

90 1008 205 1071 imparem,
216 1009 301 1070 sibique
312 1011 417 1072 Junctum
436 1009 534 1055 thalamo
552 1005 668 1069 paululum
687 1017 759 1051 excu-

90 1080 132 1128 sat,
149 1081 174 1120 ut
184 1074 258 1136 magis
268 1082 355 1137 urgeat.
388 1072 521 1120 Indeseusus
536 1071 628 1134 juvenis
639 1069 716 1116 statim
733 1070 759 1116 in

91 1136 179 1185 Urbem
190 1147 314 1187 amovetur.

123 1200 197 1266 [Satis
207 1205 307 1267 principi,
319 1218 365 1252 oon
383 1204 438 1250 satis
449 1202 531 1264 Sejauo
542 1199 686 1248 consultum:
705 1197 756 1245 ani·

90 1282 153 1314 mum
171 1267 252 1332 injuris
262 1270 425 1323 exacerbatum,
444 1267 528 1314 'liberii
538 1263 694 1328 poeuitentiam
705 1278 756 1311 me-

89 1334 149 1390 tuit3
167 1333 197 1380 du
227 1349 256 1380 ue
271 1333 358 1396 imperii
374 1333 515 1380 munimenta
531 1343 649 1392 superenne
662 1328 759 1376 invidet.

89 1395 194 1446 Cassium
253 1399 355 1459 nginum,
379 1396 502 1452 consulem,
524 1395 599 1442 venali
620 1394 758 1456 magistratu
782 1421 788 1432 ·

87 1462 209 1517 sordidum,
229 1463 257 1509 ad
276 1477 358 1509 novam
370 1460 442 1509 Drusi
462 1461 626 1508 recusationem
639 1459 757 1506 subornat.

88 1525 209 1582 Jureoem,
220 1526 290 1588 poend
299 1527 438 1582 ferociorem,
450 1542 485 1573 rea
496 1540 567 1572 novas
577 1523 659 1579 moliri,
671 1530 695 1570 et
705 1536 756 1570 ma·

86 1591 212 1639 lerolorum
227 1592 310 1639 civium
327 1593 423 1656 gratiam
433 1591 534 1654 populan‘
545 1590 630 1636 ambitu
641 1588 756 1650 aucupari,

86 1655 116 1702 ad
127 1663 229 1703 senatum
244 1658 326 1714 retulit,
343 1656 474 1719 Caesarique
484 1655 573 1717 scripsit
583 1653 670 1700 consui.
703 1652 755 1699 Ne·

86 1727 169 1782 potem,
186 1721 275 1769 mitiore
285 1721 354 1784 poeni
366 1723 491 1785 indignum,
508 1722 532 1767 in
543 1718 588 1766 imd
599 1717 680 1765 Palatii
691 1723 756 1780 perte

86 1784 176 1841 claudi3
194 1786 239 1832 acri
256 1785 358 1834 custodit
372 1788 447 1849 cingi:
466 1787 585 1846 omniaque
595 1784 645 1847 ejus
655 1782 715 1830 lacta
729 1788 755 1828 et

85 1849 146 1896 dicta
163 1851 243 1912 excipi,
261 1852 362 1910 describi,
379 1853 464 1913 sibique
482 1850 548 1906 mitti,
570 1849 699 1911 aprincipe
715 1861 754 1893 re·

85 1914 201 2024 scriptum.

119 1976 130 2042 [
146 1994 167 2025 m
197 1982 301 2028 ratoriam
312 1980 444 2044 dignitatem
456 1980 520 2028 senili
534 1980 613 2042 capite,
633 1986 656 2025 et
667 1978 752 2026 imbelli

81 2045 154 2106 juven
188 2046 314 2101 subnixam,
332 2046 422 2093 tandem
433 2046 456 2092 in
468 2060 492 2092 se
506 2051 578 2092 totam
589 2044 697 2091 inclinare
709 2043 752 2091 Se·

80 2109 151 2170 janus
165 2123 193 2156 eo
208 2108 300 2157 effusius
317 2111 433 2173 gaudebat,
454 2110 514 2170 quod
533 2125 585 2170 spes
604 2123 656 2156 suas
675 2115 752 2155 certus

87 2174 135 2235 ipse
149 2181 257 2234 pasceret,
274 2189 367 2221 securus
383 2181 510 2220 senesceret
520 2173 632 2220 'liberius
665 2172 701 2220 Ut
712 2188 750 2219 su·

86 2238 197 2299 spicaoem
208 2240 256 2301 ejus
267 2241 367 2286 animum
374 2240 447 2301 magis
457 2239 529 2286 adbuc
541 2237 649 2293 obtirmet,
661 2239 751 2300 sapien-

85 2299 117 2348 tii
135 2303 241 2364 principis
259 2318 387 2366 oppressam
404 2304 554 2358 ambitionem,
573 2304 751 2351 dominationem

85 2373 200 2420 assertam,
221 2366 329 2415 firmatam
348 2369 507 2423 haereditotem,
523 2383 643 2430 perennem
664 2368 752 2429 imperii

84 2431 274 2491 tranquillitatem,
284 2435 304 2479 ei
314 2434 445 2496 gratulatur.
478 2431 563 2487 caesar,
574 2434 676 2479 laudibus
688 2448 751 2493 sper·

85 2496 167 2544 mendis
196 2497 289 2553 validus,
324 2499 409 2560 ingenii
438 2505 512 2544 tamen
541 2505 565 2544 et
591 2498 751 2543 dominationis

84 2562 303 2611 commendationem
317 2564 386 2610 laetos
402 2565 508 2624 excepit3
526 2560 669 2619 maximique
687 2568 751 2618 parte

71 2628 98 2676 1‘n
112 2628 225 2695 qusnutn
241 2631 320 2687 cessit,
339 2630 458 2682 dict'mana,
476 2642 503 2672 ae
519 2626 570 2684 eiua
583 2620 708 2691 rigibus&
722 2621 763 2662 ba·

60 2693 140 2757 badi,
151 2698 262 2752 consiliis
268 2698 362 2768 juvari,
371 2691 477 2746 recreari
486 2686 616 2746 nimbi*
632 2680 780 2732 mm*
