1680 2910
55 157 155 243 tepu-
209 155 401 204 ANNALIUM
419 154 523 204 LrnIV.
537 155 644 206 Canio.
678 161 724 207 165

90 285 188 333 LXIX.
204 284 346 342 Consultant,
358 302 415 348 quos
425 288 555 341 memoravi,
566 303 663 348 quonum
672 303 725 334 rnn-¹

57 349 88 397 do
107 366 135 398 es
151 352 248 413 plurium
268 353 345 398 auditu
364 353 529 412 acciperentur:
550 367 601 398 nam
622 353 679 407 loco,
699 353 724 399 in

57 430 126 477 quem
133 418 239 470 coibatur,
249 417 358 463 servanda
365 416 491 463 solitudinis
498 417 581 473 iacies3
599 426 628 472 et,
637 418 656 464 si
664 432 725 479 pone

57 480 119 528 sores
129 483 266 536 assisterent,
281 483 351 528 metui
362 482 430 536 visus,
442 482 537 538 sonitus,
549 490 588 529 aut
597 481 656 529 sorte
666 489 724 528 ortae

57 547 198 608 suspiciones
205 555 276 592 erant.
298 545 395 601 Tectum
406 547 465 592 inter
475 559 498 593 et
508 547 619 607 laquearia
629 555 675 593 tres
686 561 723 593 se·

57 617 155 666 natores,
174 612 233 658 haud
243 613 317 658 minus
329 612 387 673 turpi
402 609 492 666 latebris,
510 626 575 672 quam
593 608 724 658 detestandi

56 675 143 730 fraude,
161 690 210 724 sese
220 677 352 722 abstrudunt
358 693 366 733 ;
383 675 528 722 foraminibus
538 684 562 722 et
573 677 634 722 rimis
645 691 722 722 aurem

58 740 189 787 admovent.
225 739 315 787 interea
336 739 433 787 Latiaris
454 748 566 802 repertum
588 741 612 787 in
633 741 723 802 publico

58 805 175 860 Sabinum,
187 805 250 852 velut
260 820 338 851 recens
349 806 440 866 cognita
449 812 585 860 narraturus,
597 806 688 852 domum
700 811 724 852 et

57 870 84 916 in
95 870 222 916 cubiculum
239 871 321 928 trahit3
337 871 492 931 praeteritaque
503 878 526 916 et
536 871 648 925 instantia,
665 886 722 930 quo·
749 910 751 915 .

58 948 109 980 rum
121 933 205 981 affatim
217 937 286 997 copia,
303 950 329 982 ac
343 950 415 981 novos
429 944 526 982 terrores
537 935 643 981 cumulat.
674 933 722 981 Ea·

58 999 112 1045 dem
122 999 161 1045 ille
172 1007 195 1045 et
205 1000 294 1054 diutius,
311 1008 395 1060 quanto
406 1008 494 1053 moesta,
512 1001 548 1046 ubi
560 1000 629 1046 semel
642 1015 722 1059 proru-

58 1061 120 1125 pere,
133 1063 243 1110 difficilius
254 1066 381 1111 reticentur.
410 1064 532 1125 Properate
542 1065 593 1110 inde
604 1064 724 1119 accusatio,

58 1128 179 1189 missisque
189 1130 217 1175 ad
227 1127 341 1177 Caessrem
350 1129 425 1183 literis,
435 1129 535 1174 ordinem
543 1128 633 1182 fraudis,
645 1143 722 1174 suurn·

59 1208 105 1254 que
118 1194 161 1255 ipsi
172 1194 268 1241 dedecus
279 1190 404 1240 narravere.
438 1192 493 1238 Non
508 1194 561 1239 alian
573 1193 646 1254 magis
657 1193 724 1239 auxia

58 1263 84 1305 et
99 1273 184 1320 pavens
198 1260 283 1314 ciuitas,
301 1273 372 1320 egens
386 1257 503 1304 adversum
519 1259 648 1320 proximos:
668 1272 724 1303 con-

59 1337 159 1385 gressus,
182 1324 299 1384 colloquia,
321 1329 382 1369 notae
401 1324 531 1385 ignotaeque
547 1337 618 1376 aures,
641 1322 721 1369 vitari:

59 1389 129 1434 etiam
147 1397 210 1434 muta
225 1397 293 1450 atque
307 1389 410 1443 inanima,
428 1395 511 1435 tectum
528 1394 552 1435 et
568 1387 663 1449 parietes
680 1386 724 1433 cir·

58 1455 276 1514 cumspectabantur.

93 1516 176 1564 Lxx.
193 1519 238 1566 Sed
249 1517 333 1573 Caesar,
346 1519 454 1566 sollennia
465 1519 591 1581 incipientis
602 1517 661 1569 anni,
672 1515 725 1562 Kal.

59 1579 182 1637 Junuariis,
197 1583 292 1646 epistold
303 1590 411 1644 precatus,
429 1585 496 1630 vertit
507 1586 530 1630 in
543 1583 656 1636 Sabinum,
674 1597 725 1627 cor·

60 1654 139 1708 ruptos
150 1650 257 1708 quosdam
268 1649 404 1703 libertorum,
421 1659 444 1694 et
456 1649 550 1710 petitum
562 1664 592 1702 se,
609 1662 707 1710 arguens
714 1662 725 1704 ς

60 1711 214 1774 ultionemque
225 1714 284 1760 haud
295 1714 388 1760 obscure
401 1715 516 1776 poscebat:
536 1729 578 1760 nec
588 1728 658 1766 mora,
670 1713 725 1772 quin

60 1776 231 1824 decerneretur:
257 1787 280 1825 et
301 1779 429 1825 trahebatur
451 1779 581 1825 damnatus:
607 1785 725 1838 quantum,

61 1841 158 1888 obducti
168 1851 232 1890 veste
242 1851 265 1890 et
276 1844 387 1890 adstrictis
397 1842 503 1896 faucibus,
519 1845 562 1890 niti
574 1849 666 1904 poterat,
679 1841 725 1888 cla·

59 1907 151 1961 mitans,
169 1909 200 1954 sic
212 1908 310 1954 inchoari
321 1923 412 1962 annum,
429 1910 469 1954 has
482 1909 563 1970 SeJano
574 1907 675 1954 victimas
687 1921 725 1953 ca·

61 1971 122 2017 dere.
155 1972 209 2026 Quo
221 1973 352 2018 intendisset
363 1973 446 2027 oculos,
459 1989 504 2033 quo
516 1975 582 2018 verba
593 1972 727 2026 acciderent,

60 2035 123 2097 fuga,
135 2038 242 2082 vastitas:
263 2038 333 2083 deseri
343 2038 427 2091 itinera,
437 2037 499 2083 fora:
520 2045 542 2083 et
551 2037 639 2097 quidam
647 2045 725 2096 regre-

61 2101 184 2156 diebantur,
205 2102 389 2162 ostentabantque
406 2118 430 2147 se
444 2117 539 2154 rursum,
558 2102 580 2147 id
597 2102 668 2160 ipsum
685 2115 726 2161 pa·

60 2175 148 2220 ventes,
164 2168 224 2226 quod
235 2167 369 2212 timuissent.
401 2166 476 2219 Quem
488 2168 546 2212 enim
559 2166 617 2211 diem
628 2178 728 2211 vacuum

60 2230 136 2292 poend,
155 2232 192 2277 ubi
206 2232 265 2276 iuter
280 2246 342 2277 sacra
358 2239 381 2276 et
397 2238 456 2282 vota,
476 2246 521 2290 quo
537 2236 637 2290 tempore
652 2230 727 2277 verbis

62 2297 130 2342 etiarn
141 2296 240 2356 profanis
252 2296 356 2342 abstineri
367 2311 417 2342 mos
433 2302 498 2348 esset,
516 2295 590 2340 vincla
601 2301 624 2340 et
634 2294 727 2355 laqueus

62 2360 215 2407 inducantur?
227 2361 440 2421 nunimprudentcm
448 2359 563 2406 'liberium
574 2367 659 2405 tantam
667 2359 726 2405 invi·

62 2425 123 2470 diam
135 2425 230 2471 adiisse:
250 2427 369 2484 quaesitum
381 2425 561 2485 meditatumque,
579 2425 670 2484 nequid
683 2425 727 2470 im-

61 2490 139 2552 pedire
155 2491 264 2543 credatur,
283 2505 327 2549 quo
345 2491 420 2536 miuus
438 2491 491 2537 novi
510 2491 660 2551 magistratus,
682 2504 728 2548 quo

62 2555 132 2609 modo
143 2555 234 2602 delubra
244 2564 268 2600 et
275 2555 358 2608 altaria,
371 2556 402 2602 sic
413 2569 528 2602 carcerem
536 2551 667 2600 recludant.
686 2554 738 2596 'be-

61 2626 122 2665 cutae
132 2620 224 2682 insuper
239 2620 319 2678 literae,
336 2630 417 2684 grates
431 2621 535 2686 agentis,
551 2619 619 2681 quod
628 2614 762 2683 *obnixum

49 2681 169 2732 nerem
190 2687 288 2750 reipubl.
315 2689 492 2755 punivissents
517 2687 627 2753 superte.
653 2671 785 2736 *wilm
