1680 2910
65 151 114 194 244
250 141 543 194 SUPPLEMENTUM
614 146 645 187 U.
652 146 679 189 c
686 149 732 195 tna

64 285 107 336 tas,
123 276 178 323 nihil
188 276 243 332 ausi,
262 274 413 353 Capitolium
410 291 461 323 cum
468 274 581 336 frequenti
592 281 676 323 senatu
687 270 733 323 cs·

66 342 138 389 lendis
155 341 340 398 conscenderint3
358 341 471 403 sacrisque
484 340 588 402 peractis,
603 346 628 387 et
642 335 734 387 odona

64 405 170 469 principis
181 405 241 461 setta,
248 406 390 468 argentivim
397 405 490 468 (quod,
483 405 629 467 imperitante
634 404 731 467 Augus·

67 478 99 525 to,
109 467 304 531 novtetotsequii
312 468 539 525 avididomiuatione,
548 467 676 548 caeptum)
671 470 734 516 velut

66 536 173 598 praesenti
184 535 311 582 obtulerint.
339 533 446 581 Deinde
441 550 464 581 m
475 534 560 582 curiam
571 549 708 590 convenere,
720 549 734 581 a

70 600 161 647 nemine
177 601 266 647 vocati.
288 600 325 646 die
341 597 390 646 tota
406 599 523 646 celebratae
542 597 593 648 Caii
610 599 690 646 laudes
707 613 734 645 eo

68 663 168 719 eiiirsius,
183 679 228 724 quo
246 665 331 712 acriora
348 672 411 711 erant
425 664 481 720 odia,
496 664 682 727 occultiorque
662 678 734 711 struu-

69 729 130 776 latio.
219 761 223 768 ·

101 791 192 857 [Tertio
206 793 287 842 Nonas
303 794 418 841 communi
434 801 556 856 praetorum
571 794 647 840 edicto
664 793 737 841 coacti

68 867 157 922 patrea3
170 866 266 920 uotaque
283 867 424 922 nuncupata·
444 866 473 915 at,
490 867 596 906 manente
607 858 735 913 formidine,

70 924 126 970 nihil
137 930 252 971 statutum.
271 924 357 971 Audito
367 926 457 971 tandem
467 925 590 986 principem
598 923 671 984 pridie
680 920 736 969 idus

69 988 187 1038 ianuarias
204 990 313 1051 dignitate
334 1005 360 1036 se
380 986 499 1042 abdicasse,
519 988 626 1036 consules
645 987 735 1035 suffecti

73 1055 228 1129 magistratum
248 1069 371 1115 occoepere.
402 1053 529 1100 Decretum
543 1060 576 1109 ut,
590 1053 673 1114 quibus
685 1052 737 1103 Au·

72 1119 140 1180 gusti,
152 1118 230 1165 iisdem
242 1117 325 1165 Tiberii
337 1118 489 1178 Drusillaeque
501 1119 585 1164 natales
597 1117 737 1169 sollennibus

71 1182 156 1231 fierent.
185 1181 276 1230 Dicatae
287 1181 337 1232 Caii
348 1199 374 1230 ac
385 1181 495 1229 Drusillae
505 1183 632 1243 imagines;
644 1182 737 1241 ludique

70 1247 130 1295 editi.
153 1244 243 1295 Cuncta
253 1249 373 1310 baecjussu
384 1248 497 1308 principis,
508 1247 545 1308 qui
556 1261 630 1309 pauca
640 1246 737 1300 senatui,

70 1313 176 1376 pleraque
186 1313 322 1370 consulibus,
339 1319 365 1359 ut
375 1312 435 1358 eain
446 1318 524 1359 senatu
535 1312 663 1366 recitarent,
679 1311 737 1358 scri·

74 1378 126 1424 bere
138 1385 185 1423 erat
196 1377 281 1431 solitus,
293 1377 389 1424 actitata.

104 1439 203 1504 [Praeter
211 1450 288 1488 vetere
298 1443 392 1488 saevitiae
403 1441 513 1503 exempla,
524 1449 610 1487 metum
621 1439 693 1488 Urbis
701 1441 737 1487 in·

72 1508 173 1554 tenderat
184 1507 284 1563 nuntius,
300 1506 424 1567 Agrippam
437 1514 459 1552 et
472 1506 616 1560 Antiochum,
628 1505 739 1566 principis

72 1572 178 1626 assiduos,
187 1578 286 1618 mentem
297 1569 376 1616 naturai
386 1570 476 1616 efferam
488 1571 516 1616 ud
527 1571 602 1616 omnia
612 1585 738 1633 regnorum

73 1636 173 1683 Orientis
194 1635 255 1682 libita
277 1636 402 1682 incendere.
418 1673 423 1680 .
439 1633 471 1681 Iis
490 1634 647 1689 concitoribus,
670 1642 738 1681 atrox

74 1700 124 1748 Caii
135 1700 229 1746 avaritia
240 1700 320 1746 Galliis
331 1700 438 1747 incubuit.
465 1698 601 1746 Animorum
612 1706 689 1746 tamen
702 1697 738 1745 of·

72 1766 186 1811 tensiones
203 1776 229 1810 ut
245 1765 371 1820 declinaret,
389 1771 412 1810 et
428 1764 588 1826 praedalactius
599 1764 738 1819 succederet,

74 1830 143 1891 coepit
154 1829 265 1876 miscellos
275 1829 340 1876 ludos
352 1829 459 1891 Lugduni
470 1829 542 1881 edere,
559 1826 738 1890 compendiarii-

73 1910 118 1956 que
126 1895 302 1956 spectaculorum
311 1895 418 1941 varietate
426 1893 506 1940 Gallos
514 1894 649 1940 demulcere.
666 1893 739 1939 Genti

72 1974 162 2021 quoque
173 1960 226 2005 olim
237 1960 308 2015 bellis,
326 1966 379 2005 tunc
390 1959 459 2004 literis
471 1973 522 2005 cum
534 1959 634 2019 pristinae
648 1957 741 2004 virtutis

74 2026 207 2072 detrimento
219 2025 318 2086 operanti
328 2021 499 2085 gratificaturus,
516 2029 629 2069 certamen
646 2021 740 2069 Graecae

75 2089 208 2150 Latinaeque
218 2087 328 2135 facundiae
338 2088 460 2150 proposuit,
472 2086 500 2133 eb
510 2088 568 2149 lege,
577 2094 603 2141 ut
612 2088 667 2134 victi
678 2101 740 2148 prae·

74 2155 120 2200 uria
133 2154 255 2199 victoribus
270 2152 402 2205 conferrent,
419 2167 541 2211 eorumque
555 2150 632 2199 laudes
644 2166 739 2213 compo·

74 2224 161 2264 nerent.
194 2218 218 2264 Si
234 2218 271 2277 qui
286 2233 340 2262 vero
355 2217 453 2263 maxime
468 2217 638 2277 displicuissent,
656 2218 741 2277 scripta

75 2298 115 2328 sua
130 2280 225 2343 spongia
239 2280 345 2342 linguave
359 2281 433 2327 delere
443 2282 581 2343 juberentur,
600 2282 643 2328 nisi
661 2280 740 2327 ferulis

74 2347 192 2408 objurgari,
210 2353 248 2392 aut
267 2345 359 2392 flumine
377 2345 480 2406 proximo
499 2347 571 2407 mergi
588 2346 738 2392 maluissent:

74 2411 139 2487 gravi
156 2411 245 2472 quidem
264 2409 337 2471 poent
354 2410 438 2457 leviore
454 2417 535 2465 tantem
553 2425 620 2472 quam
635 2417 661 2457 ut
672 2411 739 2471 inge·

76 2477 164 2522 niorum
175 2477 288 2522 audaciam
300 2475 419 2523 coerceret

109 2538 237 2616 [Mentibus
251 2540 302 2586 ad
296 2541 370 2587 mania
386 2542 507 2596 conversis,
524 2541 654 2602 probrosam
667 2554 740 2600 nego·

73 2605 198 2663 tiationem,
217 2606 257 2655 sed
266 2606 391 2660 lucrosam
404 2606 513 2652 instituit
537 2604 658 2647 Nessum
665 2604 748 2659 puduit

10 2674 236 2726 damnatarum
247 2688 357 2725 sororum
369 2675 516 2722 ornamenta,
531 2662 705 2722 supellectilem
711 2675 762 2703 sex-
