1680 2910
126 118 175 163 sis
208 106 401 160 ANNALIUM
417 106 646 160 antcsmo.
679 113 792 175 tuem

125 245 149 292 in
168 242 266 289 Laelium
283 239 379 287 Balbum
398 238 560 286 decemuritur:
579 240 604 287 id
650 240 711 288 'dem
725 256 739 289 a
752 240 790 289 la·

125 309 231 361 mutibus,
253 306 305 365 quia
326 304 411 350 Bulbus
432 304 489 350 truci
511 304 624 366 eloquen'
661 307 788 361 hubebstur.

125 378 227 436 promtus
237 370 354 416 adversum
366 369 474 415 insontes.
486 390 490 401 =

160 433 256 482 XLIX.
273 432 356 479 Iisdem
376 434 453 480 diebus
473 434 526 480 Sex.
538 432 656 496 Papinius,
679 434 789 484 conmleri

125 498 217 553 remitit,
228 498 369 560 repentinum
378 507 400 544 et
408 496 527 545 informem
538 499 625 546 exitum
633 500 790 564 delegithcto

127 568 152 612 in
167 578 268 628 preceps
283 577 388 624 corpore:
407 577 474 609 causa
485 564 513 609 ad
530 571 625 610 matrem
641 564 789 622 referebam

128 644 185 692 quae,
204 628 290 690 pridem
310 628 429 688 repudiate,
452 629 640 676 assentationibus
653 637 723 691 utque
736 631 790 678 tum

125 694 259 758 perpulisset
264 693 372 754 juvenem
383 692 412 739 sd
419 707 454 749 es,
465 707 559 753 quorum
571 692 682 756 effugium
693 710 741 743 nou
749 696 790 743 uisi

127 766 200 806 morte
211 758 328 804 inveniret
361 755 436 818 Igitur
451 765 554 804 accusata
569 758 593 804 in
606 767 695 815 senatu,
711 776 789 821 quam·

126 839 194 885 quam
210 837 285 884 genus
300 828 388 882 patrum
403 821 566 876 advolveretur,
583 822 717 886 luctumque
727 840 788 873 com·

127 902 226 941 munem,
238 894 261 933 et
271 886 343 947 magis
351 885 492 940 imbecillum,
504 886 542 932 tali
551 902 618 949 super
625 903 687 944 cusu,
695 889 788 938 iminu-

128 969 178 1000 rum
189 953 295 1005 animum,
311 950 398 1011 aliaque
411 951 435 996 in
447 951 549 996 eumdem
561 951 661 999 dolorem
672 962 757 1003 tnoesta
766 962 789 1001 et

127 1016 254 1065 miseranda
270 1016 308 1061 diu
326 1013 400 1067 senet.
417 1014 480 1061 Urbe
490 1022 566 1061 tamen
585 1017 705 1069 indecem
720 1034 790 1067 anuos

103 1082 107 1095 '
127 1082 238 1146 prohibita
252 1088 293 1136 est,
312 1079 382 1126 donec
399 1081 474 1126 minor
489 1078 548 1126 filius
563 1080 673 1129 lubricum
687 1085 790 1147 Juveutae

126 1149 206 1196 exiret.

161 1212 190 1260 L
207 1211 259 1260 Jam
270 1210 385 1257 'liberium
396 1210 539 1273 corpusjam
549 1211 615 1268 vires,
632 1213 734 1261 noudum
745 1215 789 1263 ‹lla-

130 1277 242 1326 simulatio
253 1276 379 1323 deserebat:
398 1275 457 1322 idem
468 1275 536 1322 animi
552 1277 624 1338 rigor:
643 1293 749 1327 sermone
764 1296 790 1328 ac

128 1344 195 1391 uultu
209 1342 315 1394 intentus,
332 1338 428 1400 quaesitd
442 1340 553 1387 interdum
567 1343 673 1390 comitate
689 1346 790 1406 qimmvis

129 1406 270 1454 manifestam
280 1404 428 1450 defectionem
439 1406 541 1466 tegebat:
561 1407 698 1468 mutatisque
709 1411 790 1472 saepius

128 1473 192 1524 locis,
209 1470 297 1518 tandem
313 1470 371 1530 apud
387 1470 564 1530 promontorium
580 1470 665 1519 Miseni
682 1475 790 1531 consedit,

129 1539 154 1584 in
165 1535 225 1590 villi,
244 1536 280 1581 eui
300 1532 328 1581 L.
336 1533 445 1580 Lucullus
461 1535 574 1594 quondam
587 1535 698 1585 dominus.
735 1537 789 1595 illic,

129 1617 182 1649 eum
193 1600 368 1661 appropinquare
380 1600 495 1660 supremis,
507 1598 546 1645 tali
557 1600 623 1647 modo
634 1612 787 1664 compertum:

130 1673 179 1713 erat
195 1665 300 1717 medicus,
317 1671 365 1710 srte
381 1664 483 1724 insignis,
499 1665 590 1710 nomine
602 1663 727 1724 Charicles,
745 1684 790 1715 nou

131 1730 219 1791 quidem
235 1743 314 1790 regere
327 1729 465 1775 valetudines
480 1728 586 1790 principis
600 1730 689 1789 solitus,
705 1733 791 1780 consilii

130 1802 206 1841 tamen
218 1794 304 1854 copiam
315 1794 420 1853 praebere.
449 1792 479 1848 ls,
492 1794 553 1839 velut
563 1795 652 1856 propris
662 1797 690 1842 ad
701 1798 793 1859 negotia

131 1858 264 1920 digrediens,
276 1864 298 1903 et
309 1873 349 1918 per
359 1859 455 1919 speciem
466 1859 539 1912 officii,
550 1874 642 1905 manum
653 1862 790 1924 complexus,

130 1925 220 1988 pulsum
231 1937 338 1969 venarum
355 1923 443 1984 attigit:
463 1938 535 1983 neque
543 1923 636 1970 fefellit:
658 1940 712 1972 nam
723 1926 792 1974 'libe-

131 1992 183 2040 rius.
195 1989 305 2034 incertum
316 2002 345 2033 au
356 1987 460 2041 offensus,
472 1996 580 2048 tantoque
590 1990 664 2050 magis
674 1991 731 2037 iram
742 2006 792 2053 pre

130 2069 201 2108 mens,
211 2052 327 2099 instaurari
334 2053 410 2112 epulas
416 2053 488 2114 jubet,
499 2053 660 2114 discumbitque
671 2056 731 2102 ultra
742 2057 794 2103 soli·

132 2128 197 2174 tum;
215 2118 277 2177 quasi
288 2117 368 2163 honori
383 2118 485 2163 abeuntis
495 2119 560 2163 amici
572 2119 685 2165 tribueret.
713 2120 792 2169 Chari-

132 2184 178 2231 cles
189 2190 271 2233 tamen‚
291 2182 333 2228 labi
345 2181 452 2242 spiritum,
472 2196 514 2227 nec
531 2182 589 2228 ultra
598 2183 690 2230 biduum
702 2185 793 2233 duratu-

132 2263 190 2300 rum,
202 2247 307 2292 Macroni
316 2245 421 2291 firmavit.
453 2243 510 2292 lude
521 2255 601 2293 cuncta
609 2248 726 2309 colloquiis
737 2252 795 2297 inter

132 2319 262 2374 praesentes,
282 2312 365 2356 nuntiis
376 2312 434 2371 apud
443 2311 531 2372 legatos
545 2319 569 2357 et
580 2314 692 2360 exercitus
702 2313 794 2362 festina·

131 2379 220 2423 bantur.
252 2374 336 2421 XVII.
349 2374 401 2421 Kol.
412 2376 503 2437 Aprilis,
521 2375 641 2423 interclusi
651 2378 733 2435 animis,
745 2395 793 2426 cre-

133 2442 193 2488 ditus
212 2448 247 2486 est
266 2441 422 2486 mortalitatem
441 2442 573 2502 explevisse.
606 2441 639 2488 Et
653 2443 726 2488 multo
741 2461 792 2506 gra·

134 2513 222 2552 tuntum
233 2521 348 2559 concursu,
368 2506 395 2552 ud
412 2507 519 2568 cupiendo
535 2508 620 2568 imperii
635 2509 756 2567 primordia
768 2508 797 2558 C.

135 2568 214 2619 Caessr
233 2571 403 2633 egrediebatur3
419 2586 472 2617 cum
490 2582 582 2631 repente
602 2571 699 2624 ati'crtur.
723 2574 794 2620 redire

131 2637 226 2693 Tiberio
237 2652 323 2688 vocem
340 2652 368 2685 ac
388 2638 460 2690 uisus,
476 2635 607 2691 uscunque,
624 2635 666 2688 qux
678 2638 808 2678 remesses
