1680 2910
125 167 172 211 ιιι
205 158 398 213 ANNALIUM
414 157 524 208 Iaassl.
537 156 645 208 canas.
673 163 795 209 nom

123 293 224 355 tegmina
234 299 258 338 et
269 306 377 352 corpora:
398 291 488 351 quidam
505 291 606 337 trudibus
618 297 657 337 aut
672 290 743 337 furcis
754 292 792 337 in·

123 370 194 405 errem
207 358 290 404 molem
301 363 459 418 prosternere3
473 357 625 418 jacentesque,
643 355 705 402 nullo
716 356 745 402 ad
755 372 793 402 re·

124 423 262 484 surgendum
274 423 331 476 nisu,
348 422 410 482 quasi
427 420 541 467 exanimes
551 421 716 481 linquebantur.
748 421 792 468 Sa-

124 489 198 534 crovir
208 488 281 548 primo
293 486 493 547 Augustodunum
505 486 556 531 dein
563 494 626 531 metu
637 485 773 532 deditionis
767 500 793 532 ιιι

122 552 199 600 villam
210 552 358 614 propinquam
371 565 423 596 cum
439 549 552 596 fidissimis
568 551 662 612 pergit.
682 548 733 596 Illic
751 550 793 597 suit

124 632 199 670 manu,
211 617 289 676 reliqui
301 616 386 662 mutuis
396 615 477 662 ictibus
488 611 605 661 occidere,
624 630 716 662 incensa
723 631 792 678 super

123 682 177 729 villa
191 697 270 729 omnes
280 681 395 728 cremavit.

157 744 265 794 XLVII.
281 745 341 792 Tum
353 745 443 792 demum
455 743 565 798 Tiberius,
577 753 651 792 ortum
663 753 789 807 patratum·

124 827 168 873 que
179 812 269 863 bellum,
281 811 368 858 senatui
379 811 482 887 scripsitt
501 825 575 871 neque
586 811 668 856 demsit
678 819 717 858 aut
727 811 791 857 addi.-

124 879 157 924 dit
169 893 237 933 ucro;
256 877 295 923 sed
306 875 351 921 fide
362 889 388 922 ac
399 875 483 921 virtute
493 875 587 937 legatos,
605 891 630 922 se
640 876 742 922 consiliis
751 891 790 922 su·

124 941 247 1005 perluisse:
268 941 334 987 simul
348 955 434 995 causas,
450 955 490 986 eur
506 956 552 986 non
567 942 622 1002 ipse,
639 956 685 986 non
697 940 792 987 Drusus

123 1007 219 1068 profecti
229 1007 257 1053 ad
267 1007 290 1052 id
300 1006 383 1052 bellurn
394 1005 476 1059 forent,
491 1005 599 1068 adjunxit,
609 1005 790 1067 magnitudinem

123 1072 210 1134 imperii
222 1071 348 1128 extollens3
365 1084 438 1132 neque
449 1069 554 1117 decorum
563 1071 705 1146 principibus,
717 1071 792 1117 siuns

124 1138 224 1184 alterave
235 1137 314 1183 civitas
328 1105 408 1212 tdrbct,
424 1134 510 1182 omisst
521 1134 591 1189 Urbe,
608 1136 702 1182 undem
713 1136 791 1182 omnia

123 1203 240 1278 regimen:
260 1217 326 1256 nunc,
343 1201 524 1260 quianonmetu
538 1201 638 1252 ducatur,
656 1201 746 1252 iturum.
764 1207 791 1246 ut

123 1268 244 1337 praesentia
254 1275 365 1328 spectaret
375 1263 570 1326 componeretque
603 1262 734 1312 Decrevere
749 1280 789 1326 pa·

123 1339 170 1378 tres
186 1339 240 1378 vota
255 1347 297 1392 pro
307 1331 414 1376 reditu
394 1345 449 1391 ejus,
467 1330 690 1391 supplicationesque,
707 1337 732 1376 et
747 1330 792 1378 alia

124 1397 211 1443 decora.
245 1396 311 1442 Solus
320 1394 440 1441 Dolabella
450 1392 577 1448 Cornelius,
587 1395 639 1441 dum
649 1395 734 1442 anteire
743 1410 789 1441 cte·

123 1467 185 1508 teros
202 1468 271 1522 parat,
293 1460 410 1506 absurdum
432 1460 455 1505 in
478 1459 626 1506 adulationem
648 1476 790 1522 progressus,

123 1528 216 1579 censuit,
232 1533 257 1572 ut
268 1540 338 1571 ovans
348 1540 362 1570 e
374 1522 498 1585 Campania
510 1523 595 1570 Urbem
606 1526 715 1571 introiret
738 1523 789 1586 lgi-

124 1598 161 1638 tur
172 1597 255 1637 secutas
263 1588 360 1637 Caesaris
371 1591 449 1642 titerae,
461 1590 541 1649 quibus
549 1605 573 1636 se
582 1605 627 1636 nou
636 1598 682 1636 tam
691 1605 788 1637 vacuum

122 1654 197 1716 gloriis
210 1655 351 1716 praedicabat,
368 1663 399 1707 ut,
416 1662 468 1715 post
481 1653 631 1700 ferocissimas
644 1663 725 1716 gentes
737 1671 788 1717 per·

123 1721 225 1773 domitas,
235 1727 269 1765 tot
276 1727 377 1779 receptos
386 1717 507 1780 injuveutti
515 1727 554 1765 aut
561 1727 648 1780 spretos
656 1720 789 1782 triumphos,

118 1786 167 1847 jaim
179 1785 254 1831 senior
261 1785 447 1845 peregrinationis
456 1784 586 1830 suburbanae
595 1785 662 1830 inane
669 1786 789 1846 praemium

152 1856 216 1896 teret.

122 1864 277 1960 leXLVHI.
300 1914 348 1960 Sub
368 1914 427 1961 idem
450 1921 544 1976 tempus,
567 1921 593 1960 ut
614 1930 676 1961 mors
696 1915 789 1977 Sulpicii

123 1980 325 2042 Quirinipublicis
343 1980 454 2040 exsequiis
472 1979 657 2038 frequentaretur,
675 1982 756 2041 petiuit
775 1997 790 2027 ι

122 2056 209 2093 senatu.
242 2044 307 2090 Nihil
323 2045 351 2090 ad
361 2051 460 2091 veterem
476 2051 498 2090 et
510 2044 625 2104 patriciam
638 2045 788 2106 Sulpiciorum

120 2110 228 2156 familiam
240 2109 349 2163 Quirinus
364 2109 477 2170 pertinuit,
494 2115 557 2154 ortus
571 2110 629 2170 apud
641 2111 788 2171 municipium

121 2175 264 2221 Lanuvium:
285 2175 340 2220 sed'
335 2175 431 2234 impiger
441 2173 533 2227 militias,
551 2181 574 2218 et
584 2175 671 2221 acribus
683 2176 786 2222 ministe-

120 2241 166 2293 riis,
183 2240 323 2286 consulatum
341 2239 383 2293 sub
398 2237 429 2284 D.
442 2238 556 2299 Augusto,
574 2254 634 2292 mox,
652 2241 790 2301 expugnatis

120 2320 160 2366 per
172 2303 274 2352 Ciliciam
287 2298 497 2351 Homonadensium
512 2304 639 2352 castellis'
634 2307 694 2366 msig
695 2306 732 2350 nia
745 2307 787 2351 tri·

120 2370 196 2429 umphi
213 2369 320 2430 adeptu„
337 2370 446 2428 datusque
460 2376 535 2414 rector
551 2367 578 2417 C
590 2367 683 2423 Caesari
701 2370 786 2416 Arme-

121 2435 313 2487 niamobtinenti.
336 2432 452 2479 Tiberium
467 2449 562 2494 quoque,
580 2433 702 2480 Rhodi
673 2444 787 2494 agentem,

91 2504 107 2515 ’“
121 2500 235 2545 coluerat:
255 2499 315 2558 quod
326 2506 380 2544 tunc
390 2498 494 2558 patefecit
505 2499 528 2544 in
541 2507 635 2544 senatu:
655 2499 751 2545 laudatis
762 2501 789 2546 in

116 2580 144 2610 se
155 2564 241 2616 officiis,
255 2572 278 2610 et
289 2564 390 2609 incusato
402 2563 437 2608 Μ.
446 2562 528 2617 Lollio,
544 2580 617 2623 quem,
630 2571 743 2610 auctorem
757 2563 788 2612 C.

108 2626 200 2679 Caesan'
207 2629 332 2696 pravitatis
341 2637 365 2678 et
376 2628 546 2694 discordiarum,
556 2631 678 2690 arguebam
694 2631 792 2675 sedes.
