1680 2910
71 141 117 188 192
166 134 358 186 ANNALIUM
375 132 482 183 Lm'va
493 134 585 185 Cani.
618 136 736 185 o.c.-ta⁵·

69 268 258 323 commemoratis,
269 284 299 315 ne
308 268 377 315 verba
387 281 456 328 prave
467 266 561 321 detorta,
573 280 619 313 neu
629 264 736 312 conviva·

70 332 125 380 lium
137 333 260 379 fabularum
272 333 403 395 simplicitas
414 332 437 377 in
448 333 532 377 crimen
545 331 673 385 duceretur,
684 343 735 391 pos·

71 398 159 445 tulavit.

103 460 148 508 vl.
166 460 261 523 Insigne
275 464 349 509 visum
365 468 400 508 est
415 475 492 508 earam
509 459 609 510 Caesarm
623 460 736 507 literarum

70 527 169 574 initium:
184 543 235 573 nam
247 529 283 574 his
292 528 365 574 verbis
376 542 469 574 exorsus
480 534 527 573 cst:
548 534 562 554 “
572 525 636 580 Quid
643 523 736 571 scribam

70 591 144 649 vobis,
156 591 184 651 P.
195 591 223 640 C.
234 601 273 639 aut
284 592 397 654 quomodo
410 592 511 647 scribam,
529 598 568 637 aut
579 591 635 651 quid
645 588 736 636 omnino

72 671 118 703 non
138 658 232 703 scribam
250 658 294 704 hoc
313 666 420 718 tempore,
442 655 484 702 Dii
498 671 536 702 me
553 655 661 715 Demque
676 653 736 714 pejus

71 722 172 783 perdam,
190 737 256 783 quam
272 723 344 784 perire
360 738 397 768 me
415 721 515 781 quctidie
530 721 610 773 sentio,
629 719 647 765 si
665 713 734 765 scio.'’

72 786 139 832 Adeo
149 787 248 833 facinora
259 796 326 847 atque
337 786 423 848 flagitia
434 801 474 832 sua
488 787 530 848 ipsi
541 800 632 847 quoque
647 783 672 829 ia
684 796 735 843 sup·

70 852 161 913 plicium
180 859 300 899 verterant.
333 851 415 912 Neque
435 850 519 897 frustra
538 848 736 912 praeatantissimus

71 917 186 977 sapientiae
198 916 286 963 firmare
297 918 376 963 solitus
387 923 429 970 est,
443 917 460 961 si
473 917 617 962 recludantur
628 921 735 974 tyranno·

71 996 120 1027 rum
132 990 227 1039 mentes,
239 998 305 1044 posse
316 982 398 1043 adspici
409 981 506 1027 laniatus
515 988 539 1028 et
549 981 625 1035 ictus,
641 976 735 1038 quando,

72 1054 98 1093 ut
109 1062 203 1109 corpora
213 1048 347 1102 verberibus,
358 1049 390 1092 ita
401 1046 495 1101 saevitia,
503 1046 601 1100 libidine,
610 1042 735 1089 maliscon·

72 1111 143 1166 sultis‚
152 1113 240 1158 animus
252 1113 397 1158 dilaceretur:
417 1110 499 1172 quippe
510 1109 627 1156 Tiberium
638 1122 685 1154 uon
692 1104 736 1152 for·

73 1183 134 1230 tuna,
157 1192 202 1223 non
225 1177 357 1223 solitudines
376 1177 530 1238 protegebant,
553 1175 609 1235 quin
625 1176 735 1220 sormam

72 1242 169 1302 pectoris
180 1257 276 1302 suasque
287 1242 334 1303 lpse
344 1256 423 1304 pmnas
433 1239 547 1286 fateretur.

106 1304 164 1352 VII.
181 1305 250 1362 Tum,
268 1304 328 1352 sacti
343 1307 443 1368 patribus
459 1310 571 1367 potestate
586 1301 698 1350 statuendi
709 1299 736 1347 ds

74 1369 197 1419 Caeciliano
215 1371 332 1428 senatore,
348 1371 387 1431 qui
403 1370 499 1432 plurima
513 1370 631 1417 adversum
645 1364 735 1414 Cottam

72 1444 204 1497 promserat‚
216 1436 328 1498 placitum,
341 1436 442 1482 eamdem
454 1450 543 1498 poenam
555 1432 658 1495 irrogari,
670 1443 734 1493 quam

72 1501 96 1546 in
104 1502 226 1546 Aruseium
234 1509 256 1546 et
267 1501 421 1561 Sanquinium‚
429 1508 570 1547 accusatores
580 1497 609 1543 L.
618 1494 733 1543 Arruntii:

73 1581 118 1625 quo
130 1580 175 1611 non
183 1566 242 1611 aliud
253 1565 436 1612 honorificentius
449 1564 524 1612 Cottae
536 1565 625 1610 evenit:
646 1562 685 1623 qui
696 1575 735 1606 no·

74 1629 125 1674 bilis
136 1631 233 1689 quidem,
252 1632 290 1677 scd
307 1647 377 1693 egens
389 1631 417 1677 ob
427 1630 513 1684 luxum,
531 1645 570 1690 per
582 1627 669 1690 flagitia
679 1623 735 1671 inia-

73 1695 123 1747 mis,
141 1697 286 1742 sanctissimis
301 1697 406 1742 Arruntii
421 1697 504 1742 artibus
520 1694 630 1756 dignitate
647 1689 737 1737 ultionis

73 1759 208 1817 aequabatur.
242 1760 343 1814 Quintus
356 1761 461 1807 Servaem
471 1760 572 1821 posthac,
584 1765 607 1804 et
619 1755 735 1803 Minucius

74 1821 188 1869 Thermus
209 1827 310 1872 inducti:
338 1826 450 1877 Servaeus,
472 1822 572 1885 praeturri
593 1821 693 1874 functus,
714 1826 736 1864 et

73 1888 185 1947 quondam
195 1890 324 1937 Gemranici
333 1906 419 1936 comes:
435 1890 558 1943 Minucius,
568 1886 666 1948 equestri
673 1884 735 1938 locc;

72 1952 174 1999 modeste
195 1954 269 2001 habiti
290 1954 363 2017 SeJani
383 1953 493 2000 amicitiai:
522 1952 581 1999 unde
603 1951 648 1997 illis
666 1950 736 2011 major

71 2017 192 2064 miseratio.
227 2018 313 2066 Contra
332 2019 442 2072 Tiberius,
461 2019 586 2081 praecipuos
606 2016 635 2062 ad
653 2013 737 2061 scelera

71 2081 195 2143 increpans,
207 2084 322 2130 admonuit
334 2081 361 2132 C.
370 2082 471 2130 Cestium
483 2095 576 2145 patrem,
587 2081 662 2127 dicere
673 2092 737 2125 sen*

71 2147 111 2200 tui,
130 2163 182 2207 quse
196 2149 236 2195 sibi
253 2150 390 2210 scripsisset:
410 2150 551 2209 suscepitque
566 2144 659 2194 Cestius
670 2157 738 2190 accu-

73 2213 199 2259 sationem:
219 2214 278 2274 quod
296 2214 393 2259 maxime
409 2213 520 2258 exitiabile
535 2208 608 2258 toliere
627 2210 666 2256 illa
679 2217 737 2255 tem-

71 2292 132 2338 pora,
149 2292 200 2322 cum
211 2280 320 2339 primores
331 2278 421 2324 senatirs
436 2277 523 2324 infimas
535 2276 602 2323 etiam
614 2274 738 2321 delationes

70 2351 208 2397 exercerent,
221 2344 257 2389 alii
268 2344 388 2404 propalam,
399 2343 463 2389 multi
474 2359 514 2404 per
525 2341 650 2388 occultum:
666 2351 738 2398 neque

72 2405 209 2452 discerneres
226 2408 334 2454 alienosa
350 2409 484 2470 conjunctis,
500 2407 585 2453 amicos
601 2406 628 2450 ab
645 2402 736 2466 ignotis,

70 2471 124 2530 quid
144 2487 232 2532 repens,
253 2483 292 2518 aut
309 2481 421 2520 vetustate
440 2475 573 2519 obscumm:
594 2469 693 2532 perinde,
714 2467 736 2511 in

71 2536 128 2588 l'oro,
141 2537 163 2581 in
176 2538 286 2593 convivio,
304 2537 431 2599 quiquide
443 2537 552 2590 relocati,
571 2534 736 2583 incusabantur,

70 2610 95 2649 ut
113 2602 163 2665 quis
181 2605 310 2667 praevenire
321 2611 346 2649 et
356 2619 421 2650 reum
432 2604 545 2647 destinare
553 2607 676 2657 qicquam,
687 2610 737 2654 pars

61 2669 94 2718 ad
113 2672 244 2722 subsidium
264 2672 306 2729 sui,
326 2669 408 2734 plures
421 2665 506 2711 'iniecti
521 2659 756 2720 quasiinundantes
