1680 2910
130 162 179 213 ιιι
249 149 251 152 ⁴
313 156 607 210 SUPPLEMENTUM
672 162 798 211 mamas.

127 291 176 337 buit
185 289 273 352 publica
288 291 406 339 accusandi
425 291 510 339 rabiens
528 290 601 339 acrius
618 290 689 338 etiam
704 290 803 339 exurit·

129 354 245 417 Princeps,
257 355 337 402 naturai
347 357 446 411 immitis,
460 364 490 412 et,
505 354 612 404 defuncti
625 363 706 412 matre,
716 363 796 403 ιιιιοιι-

127 420 209 474 lentus,
226 427 252 465 ut
268 421 377 468 saevitiam
390 422 427 468 diu
441 421 562 469 codrcitam
573 429 697 476 exsereret,
714 434 794 468 omues

127 482 195 534 Juliae
207 485 315 532 amicitias
326 492 349 532 et
362 485 522 533 familiaritates
541 485 637 543 afflixit,
654 487 722 547 eique
740 485 794 532 rou·

127 563 190 594 mum
208 551 317 610 equestris
336 550 420 597 ordinis
443 550 524 607 virum,
547 566 591 611 quo
608 564 685 612 poeute
702 546 794 597 infamii

127 613 287 661 diuturniorem
298 622 407 663 terrorem
418 613 508 670 iaceret,
525 621 671 675 ceterosque,
687 629 741 676 quae
750 615 794 661 lm·

127 679 246 734 minorent,
258 680 372 735 doceret,
365 695 388 726 ιιι
400 680 492 726 antliam
501 680 665 728 condemnavit.
698 676 795 726 Violen-

126 743 171 789 tior
181 758 270 804 quoque
280 744 362 807 Sejani,
378 744 475 791 dicteriis
485 744 587 806 fictisque
598 743 718 792 sententiis
727 743 794 798 illusi,

125 807 174 865 ira;
191 810 289 871 praemiis
306 809 392 856 irritata
410 810 572 872 vestigatorum
591 821 615 855 et
636 817 794 856 accusatorum

125 872 226 928 aviditas,
244 874 364 935 praeclaros
374 889 474 936 quosque
485 881 508 921 et
518 873 643 922 incivitate
658 879 796 935 praestantes

126 937 239 999 corripuit,
250 939 355 999 civilique
368 939 426 985 bello
442 940 534 1001 gravius
545 937 648 985 confecit
682 936 793 1014 Excipie-

125 1003 191 1049 batur
202 1002 357 1050 laetantium
341 1019 404 1059 naus,
422 1004 563 1067 querentium
581 1003 651 1056 dolor,
665 1002 794 1075 jocantium

127 1067 280 1128 simplicitas'
275 1083 322 1131 ipse
332 1069 443 1115 ebriorum
455 1084 537 1115 sermo.
568 1066 634 1114 Nihil
644 1064 701 1114 erat'
704 1073 791 1114 tutum:

126 1132 201 1179 omnis
216 1133 322 1179 saeviendi
339 1133 439 1196 placebat
456 1133 559 1181 occasio·
578 1146 683 1193 unusque
699 1145 791 1179 reorum

127 1196 227 1243 omnium
238 1205 340 1253 eventus,
359 1205 398 1244 aut
415 1214 476 1246 mors
486 1213 587 1262 propera,
607 1202 648 1243 aut
662 1202 729 1260 turpe
739 1211 794 1260 sup·

143 1261 227 1308 licium.

127 1277 143 1324 p
160 1323 233 1389 [eum
244 1324 349 1374 Romana
359 1326 451 1375 civitas'
445 1343 468 1374 ιιι
481 1328 515 1375 sui
526 1325 704 1374 internecionem
714 1325 747 1374 ita
756 1324 795 1373 fu·

126 1398 191 1444 reret,
204 1390 277 1437 scelus
288 1406 365 1445 unum,
374 1392 448 1438 sedin
459 1392 522 1455 plura
532 1391 616 1438 scelera
626 1398 650 1438 et
660 1398 794 1453 portentosa

125 1455 185 1500 mala
199 1463 335 1516 erupturum,
355 1454 471 1518 patravere
494 1456 663 1518 Hierosolyma.
697 1454 796 1502 Pontiae

128 1517 223 1574 Pilatus,
243 1535 313 1580 quem
328 1519 407 1568 Cacsar
424 1519 511 1569 Jndaeae
522 1530 691 1584 procuratorem
702 1519 794 1576 iecerat,

126 1599 172 1630 non
183 1601 269 1639 vecors,
289 1587 383 1632 imbellis
393 1594 475 1641 tamen,
491 1586 571 1634 Jesum
584 1584 708 1640 Christum,
726 1598 794 1631 novae

125 1648 241 1710 religionis
252 1658 372 1705 auctorem,
384 1666 397 1697 a
407 1649 495 1698 Judaeis
504 1651 641 1712 pervicacius
656 1657 794 1704 accusatum,

124 1713 208 1758 nullius
226 1715 323 1761 criminis
334 1724 480 1776 compertum,
500 1722 572 1761 morte
583 1714 664 1762 affecit.
696 1713 794 1760 Difflssa

123 1792 184 1832 saxa,
196 1793 305 1825 concussa
315 1786 381 1833 terra,
400 1781 434 1826 sol
445 1794 521 1827 cassus
538 1780 629 1836 lumine,
647 1780 696 1841 ejus
707 1779 794 1826 cadem

124 1841 201 1888 ulcisci
212 1850 236 1889 et
253 1844 403 1890 innocentiam
417 1846 494 1891 testari
504 1845 567 1891 visa:
585 1845 640 1906 ipse,
652 1843 745 1891 effracto
757 1859 793 1890 se·

124 1908 209 1968 pulcro,
227 1908 365 1955 adstantibus
379 1910 514 1964 custodibus,
534 1910 647 1956 redivivus
661 1924 687 1956 ac
702 1909 794 1969 integer

125 1987 236 2034 egressus,
249 1989 355 2035 magnum
366 1973 408 2019 suit
420 1974 518 2020 numinis
529 1982 705 2035 argumentum
722 1973 792 2019 'libe-

124 2038 227 2098 riumque
238 2039 340 2086 omnibus
352 2039 463 2085 intentum
478 2038 580 2095 advertit,
595 2039 730 2101 religionem
745 2050 793 2084 non

126 2102 207 2148 infixit.

158 2164 285 2230 [Princeps
305 2169 328 2214 in
347 2168 408 2230 pacis
418 2183 483 2215 curas
493 2166 559 2220 fixus,
577 2168 714 2215 inturbidum
725 2165 791 2212 fove·

124 2232 162 2279 bat
181 2233 305 2293 imperium.
339 2231 411 2293 quue
428 2234 512 2294 majore
522 2233 628 2280 felicitate
638 2233 751 2279 incertum
762 2243 793 2276 an

124 2296 239 2351 industris,
257 2305 378 2352 assecutus,
395 2305 421 2343 ut
437 2299 489 2343 dum
508 2297 593 2344 Urbem
604 2299 666 2344 luctu
677 2295 793 2358 fatigaret,

124 2361 250 2423 provincias
272 2361 352 2408 diffusa
369 2363 393 2407 in
413 2378 491 2409 ornnes
508 2370 617 2408 terrarum
637 2362 697 2408 orbis
716 2366 793 2422 partes

126 2425 284 2485 tranquillitate
298 2433 423 2484 recrearet;
440 2428 582 2488 praemiorum
595 2442 680 2488 parcus,
699 2425 793 2487 injuria·

126 2505 176 2536 rum
187 2490 269 2536 vindex
286 2492 413 2545 acerrimus,
433 2491 581 2554 praecellentia
593 2491 682 2538 virtutis
694 2505 745 2535 raro
756 2489 792 2534 in·

124 2555 196 2609 vidus,
217 2569 305 2617 semper
320 2566 438 2604 metuens:
466 2557 558 2603 ducibus
580 2555 793 2617 magistratibusque

118 2637 173 2670 usus
184 2637 232 2670 non
245 2623 345 2688 optimis,
359 2623 400 2671 sed
412 2621 489 2676 bonis,
499 2621 603 2680 aquibus
612 2621 737 2665 initantum
745 2618 798 2675 aba·

107 2690 159 2749 rire,
171 2698 199 2740 at
209 2691 289 2758 major
301 2689 473 2742 dominatoris
483 2701 546 2749 spes.
