1680 2910
115 148 162 192 124
192 143 388 194 ANNALIUM
399 144 453 193 Lur.
464 143 512 193 111.
529 142 588 194 Car.
600 147 639 194 72.
668 146 783 194 Udi-775·

112 276 156 336 gis,
176 291 243 336 quam
263 284 288 323 ut
307 277 449 323 dicebantur:
473 277 614 338 perstititque
632 275 779 323 intercedere.

114 337 197 401 Capito
208 342 337 404 insignitior
345 340 438 388 infamiis
447 341 496 395 fuit,
514 342 581 402 quod,
593 341 684 388 humani
695 339 778 386 divini-

111 420 156 465 que
162 406 221 467 juris
231 407 312 461 sciens,
330 407 448 469 egregium
467 407 580 469 publicum
597 414 620 452 et
635 407 706 453 bonas
717 405 779 451 cloud

11 480 16 492 ’
112 477 172 516 artes
183 470 381 519 dehonestavisset.

93 562 96 568 ·
145 533 241 581 LXXI.
257 534 355 583 Incessit
372 537 423 583 dein
443 536 530 598 religio,
548 551 647 597 quonam
658 536 682 581 in
693 534 779 597 templa

110 599 230 647 locandum
241 600 300 647 foret
310 602 401 655 donum,
410 602 471 662 quod
478 617 519 662 pro
527 601 654 648 valetudiue
663 600 778 662 Augustae

110 665 197 725 equites
216 665 314 712 Romani
331 674 443 714 voverant
459 665 567 727 Equestri
582 665 704 712 Fortunae:
724 679 777 711 nam

110 731 153 776 etsi
165 731 256 777 delubra
270 732 318 793 ejus
332 730 393 779 Dese
403 731 475 778 multa
485 732 509 777 in
521 730 591 785 Urbe,
603 731 689 777 nullum
701 737 777 776 tamen

109 795 149 840 tali
165 803 316 857 cognomento
336 803 391 842 erat
431 795 556 858 Repertum
576 803 617 850 est,
636 795 708 841 aedem
727 809 778 841 esse

108 861 167 920 apud
181 861 283 914 Antium,
295 876 346 922 quae
357 861 389 907 sic
400 868 573 923 nuncuparetur,
584 867 721 920 cunctasque
731 873 777 906 css·

108 924 215 973 simonias
234 924 320 973 Italicis
330 926 354 972 in
364 926 458 988 oppidis,
477 926 605 987 templaque
619 932 642 970 et
658 924 776 970 numinum

108 989 203 1051 effigies,
210 992 269 1053 J'uris
280 998 348 1052 atque
358 991 445 1053 imperii
455 990 554 1038 Romani
566 1005 629 1037 esse:
648 989 680 1035 ita
690 989 775 1035 donum

108 1054 167 1116 apud
179 1055 274 1103 Antium
284 1057 396 1103 statuitur.
428 1055 468 1111 Et,
486 1055 576 1116 quando
586 1055 615 1101 de
630 1054 775 1116 religionibus
801 1056 803 1060 '

107 1120 249 1175 tractabatur,
267 1120 360 1167 dilatum
371 1136 443 1182 nuper
453 1135 585 1182 responsum
596 1120 703 1166 adversus
720 1119 774 1166 Ser·

106 1185 170 1230 vium
181 1184 372 1247 Maluginensem,
384 1185 498 1232 flaminem
507 1184 605 1240 Dialem,
614 1184 709 1246 promsit
720 1180 774 1231 Cae-

106 1263 150 1303 sar,
162 1251 308 1311 recitavitque
318 1251 432 1297 decretum
447 1244 590 1312 pontificum:
610 1249 699 1310 quoties
709 1248 771 1295 vale·

106 1314 161 1360 tudo
176 1315 270 1362 adversa
280 1315 392 1362 flaminem
405 1314 497 1362 Dialem
508 1315 642 1369 incessisset,
653 1320 685 1368 ut,
696 1313 772 1375 ponti·

105 1377 154 1424 licis
165 1381 255 1426 maximi
274 1380 370 1435 arbitrio,
389 1380 516 1442 plusquam
527 1380 650 1427 binoctium
667 1379 770 1425 abesset:

105 1442 158 1489 dum
170 1459 200 1490 ne
208 1445 285 1491 diebus
295 1445 376 1506 publici
388 1444 496 1500 sacrificii,
509 1460 554 1491 neu
565 1446 648 1507 saepius
658 1459 726 1504 quam
736 1443 771 1491 bis

105 1509 209 1555 eumdem
225 1510 248 1555 in
263 1525 355 1556 annum.
389 1504 456 1565 Quae,
476 1511 575 1573 principe
593 1510 701 1572 Augusto
717 1522 772 1556 cco·

104 1574 188 1629 stituta,
201 1575 255 1621 satis
267 1575 421 1629 ostendebant,
432 1590 530 1622 annuam
541 1576 673 1632 absentiam,
686 1580 770 1636 etpro-

103 1638 226 1684 vinciarum
243 1640 458 1687 administrationem
478 1639 583 1686 Dialibus
602 1655 648 1686 uon
660 1638 776 1686 concedis·

103 1705 311 1766 memorabaturque
327 1704 356 1751 L.
370 1704 468 1760 Metelli,
485 1703 597 1767 pontificis
612 1704 713 1758 maximi,
728 1717 770 1761 exq-

102 1768 208 1829 emplum,
220 1770 258 1830 qui
270 1769 356 1816 Aulum
368 1769 518 1824 Postumium,
534 1769 655 1823 flaminem,
666 1769 770 1815 attinuis-

102 1839 143 1878 set.
170 1832 206 1879 lta
217 1850 266 1887 sors
275 1835 338 1882 Asiae
348 1836 371 1883 in
383 1851 442 1891 eum,
453 1836 492 1897 qui
503 1834 654 1883 consularium
665 1831 770 1896 Malugi-

102 1898 166 1943 nensi
177 1900 294 1959 proximus
305 1908 359 1955 erat,
371 1901 458 1948 collata.
761 1952 763 1954 ,

133 1961 243 2009 LXXII.
260 1962 344 2012 Iisdem
355 1966 432 2012 diebus
444 1965 543 2027 Lepidus
553 1965 581 2011 ab
592 1970 671 2012 senatu
681 1963 769 2025 petivit

99 2032 126 2072 ut
135 2028 248 2075 basilicam
261 2029 332 2085 Pauli,
352 2030 447 2076 AEmilia
464 2031 608 2083 monimenta,
623 2027 714 2090 proprii
727 2043 768 2090 pe·

100 2090 166 2138 cunii
176 2092 275 2140 firmaret
285 2102 431 2155 omaretque:
451 2102 498 2142 erat
515 2095 646 2141 etiamtum
663 2094 687 2139 in
704 2108 768 2140 more

97 2157 186 2217 publica
203 2158 368 2206 munificentia:
388 2174 430 2206 nec
446 2160 566 2221 Augustus
582 2165 684 2205 arcuerat
703 2157 767 2204 Tau·

98 2236 155 2275 rum,
169 2222 304 2284 Philippum,
313 2223 417 2279 Balbum,
427 2225 520 2271 hostiles
530 2223 630 2278 murias,
642 2230 682 2269 aut
692 2238 765 2270 exun-

98 2285 178 2332 dantes
196 2303 255 2348 opes‚
275 2295 377 2335 ornatum
391 2290 419 2335 ad
434 2290 494 2336 urbis
508 2295 532 2335 et
542 2288 658 2350 posterum
670 2287 766 2349 gloriam

96 2350 215 2397 conferres
235 2368 279 2413 quo
290 2361 338 2399 tum
350 2354 453 2416 exemplo
464 2352 572 2416 Lepidus,
583 2368 716 2414 quamquam
724 2367 765 2414 pe·

97 2416 171 2461 cuniae
182 2416 291 2472 modicus,
306 2419 391 2464 avitum
403 2420 471 2466 decus
483 2419 583 2464 recoluit.
616 2417 650 2464 At
663 2416 767 2478 Pompeii

97 2480 216 2535 theatrum,
226 2481 279 2542 igne
289 2481 382 2530 fortuito
390 2484 502 2537 haustum,
512 2481 591 2531 Caesar
597 2489 765 2529 exstructurum

91 2545 209 2606 pollicitus
220 2554 261 2600 est,
273 2549 333 2608 quod
346 2563 412 2595 nemo
423 2566 436 2596 e
447 2547 533 2596 familia
544 2548 689 2604 restaurando
701 2546 765 2593 suffi-

84 2618 169 2672 cerct;
184 2620 297 2664 manente
307 2621 386 2664 tamen
400 2612 620 2675 ncmruelompeii:
637 2613 705 2661 simul
715 2611 765 2660 lau-
