1710 3218
86 209 185 250 rcus.
239 169 431 260 iuniorum
449 203 657 254 merueras.
704 208 750 251 mo

84 338 142 392 bido,
161 339 252 400 ejusque
267 336 334 385 causei
347 338 415 384 modo
434 338 523 399 largitio
538 344 561 382 et
578 337 651 390 luxus,
669 334 751 395 srcpius

86 403 194 450 industria
213 418 239 448 ec
256 403 379 464 vigilantia,
396 404 456 449 haud
472 405 546 448 minus
563 402 644 456 norim,
662 400 751 460 quoties

86 468 184 530 parendo
195 483 266 530 regno
277 468 400 531 finguntur.

119 529 153 578 11.
174 531 228 579 Vim
250 533 397 595 praefecturae,
419 532 530 579 modicam
553 538 624 586 antee,
647 528 750 584 intendit,

87 597 198 659 disperses
210 613 250 660 per
266 599 343 645 urbem
359 600 463 645 cohortes
479 613 524 643 unu
538 598 561 642 in
578 602 651 643 cestre
665 593 751 640 condu-

87 663 176 721 cendo;
194 671 219 709 ut
234 663 299 709 simul
316 664 409 725 imperia
425 663 558 724 acciperent,
575 673 714 720 numeroque
728 664 752 705 et

87 728 167 774 robore
178 735 201 775 et
212 727 261 775 visu
269 729 328 774 inter
339 745 370 784 se,
381 728 462 775 fiducia
468 727 529 789 ipsis,
540 728 564 772 in
572 734 667 773 caeteros
678 732 753 770 metus

87 792 223 839 crederetur.
256 792 420 847 Praetendebet‚
438 793 542 839 lascivire
560 791 654 837 militem
673 789 751 834 diducn

87 863 148 904 turn:
170 858 188 903 si
199 858 252 917 quid
263 859 360 904 subitum
372 859 469 918 ingruat.
480 859 566 919 majore
576 855 660 902 auxilio
670 854 753 916 puriter

89 922 217 968 subveniri:
237 928 261 967 et
276 922 375 968 severius
391 931 487 976 acturos,
507 923 526 968 si
543 920 627 967 vellum
642 925 753 966 statuetur

90 986 169 1048 procul
179 986 240 1032 urbis
251 986 367 1032 illecebris.
401 985 436 1033 Ut
451 986 550 1048 perlecta
564 991 617 1032 sunt
627 991 706 1036 cestra,
723 983 754 1028 ir·

89 1065 168 1110 repere
178 1050 284 1111 peuletirn
295 1050 402 1097 militares
411 1053 505 1103 animos,
520 1050 629 1105 adeundo,
640 1048 754 1110 appellm-

92 1115 136 1161 do:
162 1113 229 1160 simul
247 1116 389 1162 centuriones
410 1131 436 1162 ec
457 1116 558 1162 tribunos
579 1115 627 1174 ipse
648 1112 753 1174 deligere.

92 1177 176 1238 Neque
187 1181 299 1226 senatorio
309 1180 392 1227 ambitu
405 1181 534 1234 abstinebat,
545 1179 638 1225 clientes
649 1192 701 1224 euos
712 1177 753 1223 ho-

92 1243 185 1290 noribus
196 1252 235 1291 aut
249 1245 370 1306 provinciis
384 1246 491 1302 omaudi;
508 1243 566 1290 facili
582 1241 672 1297 Tiberio
687 1249 755 1302 etque

91 1309 125 1355 ite
135 1323 213 1370 prono,
225 1316 250 1356 ut
260 1311 347 1356 socium
354 1310 461 1363 laborum,
474 1324 520 1356 non
531 1308 599 1354 modo
609 1308 632 1353 in
645 1306 754 1353 sermoni-

90 1373 139 1428 bus,
156 1373 195 1420 sed
206 1375 264 1437 apud
281 1385 355 1436 putres
368 1382 395 1421 et
405 1375 511 1437 populum
522 1373 650 1425 celebraret,
667 1370 755 1431 colique

89 1454 130 1500 per
141 1439 226 1486 thestm
237 1448 260 1487 et
270 1439 320 1487 sora
330 1440 416 1502 effigies
426 1441 482 1502 eJus,
492 1441 594 1500 interque
604 1434 712 1503 principia
722 1435 755 1482 le·

89 1504 183 1567 gionum
195 1505 285 1552 sineret.

124 1567 172 1615 111.
189 1569 304 1618 Caeterum
315 1571 381 1632 plenu
393 1568 510 1620 Caeserum
519 1571 606 1623 domus,
612 1567 704 1628 juvenis
712 1563 755 1611 ffli-

91 1649 125 1689 us,
136 1643 229 1696 nepotes
241 1636 317 1691 adulti,
329 1651 414 1682 morem
423 1636 504 1698 cupitis
511 1634 645 1682 afferebant:
665 1639 695 1686 et,
704 1630 757 1691 quin

91 1700 115 1746 vi
127 1706 161 1746 tot
171 1701 238 1747 simul
246 1701 357 1762 corripere
368 1702 473 1756 intutum,
485 1701 549 1746 dolus
557 1697 676 1746 intervella
684 1695 755 1743 scele-

92 1779 142 1810 rum
165 1767 282 1826 poscebat:
307 1765 391 1827 placuit
407 1772 482 1811 temen
504 1765 612 1812 occultior
634 1763 677 1816 viu,
699 1767 757 1807 ete

92 1827 172 1876 Druso
182 1830 287 1892 incipere.
305 1831 328 1877 in
340 1845 406 1891 quern
418 1831 502 1877 recenti
517 1828 550 1876 irri
560 1829 683 1875 ferebatur:
703 1840 755 1873 nem

61 1912 64 1917 >
93 1891 191 1950 Drusus,
208 1896 326 1957 impatiens
338 1896 414 1942 aemuli
428 1903 452 1942 et
462 1896 537 1942 animo
548 1893 688 1946 commotior,
706 1898 757 1937 orto

91 1957 152 2005 sorte
157 1960 242 2021 jurgio,
254 1960 380 2008 intenderet
391 1961 473 2024 Sejeno
483 1975 570 2014 munus,
581 1964 605 2004 et
615 1964 695 2005 contre
705 1963 756 2002 ten·

94 2023 168 2069 dentis
176 2025 372 2073 osverberaveret.
406 2023 480 2089 Igitur
488 2022 671 2071 cunctetententi
679 2036 756 2082 prom·

93 2088 205 2134 tissimum
216 2090 297 2145 risum,
308 2090 337 2138 sd
347 2106 440 2138 uxorem
452 2091 500 2153 ejus
512 2087 601 2139 Livium
610 2093 757 2144 convertere3

94 2167 146 2215 ques
158 2167 222 2199 soror
233 2154 370 2211 Germanici,
385 2155 466 2202 formae
478 2155 543 2202 initio
554 2153 627 2201 aetetis
638 2152 758 2205 indecorae,

94 2232 150 2264 mox
160 2218 324 2278 pulchritudine
334 2221 481 2282 praecellebat.
514 2216 589 2274 Hunc,
599 2225 624 2264 ut
634 2231 711 2264 umore
722 2216 758 2262 in-

94 2297 183 2337 census,
195 2283 303 2330 adulterio
314 2285 418 2346 pellexit:
436 2294 467 2340 et.
478 2292 595 2348 postquam
604 2282 670 2344 primi
678 2280 758 2343 flagitii

93 2349 179 2411 potitus
190 2355 232 2402 est.
245 2349 329 2412 (neque
339 2349 429 2406 semine,
443 2348 525 2397 amissi
535 2346 648 2411 pudicitie,
665 2346 708 2393 ulia
718 2347 758 2392 ab·

93 2412 180 2473 nuerit)
192 2414 220 2459 ad
231 2414 331 2476 conjugii
339 2430 408 2477 spem,
419 2415 556 2462 consortium
565 2413 636 2476 regni,
649 2419 672 2459 et
679 2425 758 2458 necem

93 2479 166 2525 meriti
179 2479 273 2541 impulit.
305 2479 383 2540 Atque
393 2481 437 2534 illu,
448 2481 484 2527 cni
496 2479 620 2527 avunculus
631 2477 765 2536 Auguetne.

93 2558 159 2591 socer
169 2543 280 2598 Tiberius,
297 2559 325 2592 ex
337 2544 417 2594 Druso
426 2547 502 2601 liberi,
517 2559 592 2606 seque
600 2557 632 2588 sc
639 2541 748 2597 mdqores
755 2537 787 2572 e&

85 2616 192 2671 Imm
200 2611 336 2675 municipali
347 2612 456 2663 edrdtero
468 2611 593 2666 {emmer
607 2611 649 2656 nt.
654 2597 806 2662 vettones·

82 2672 112 2718 tis
124 2679 150 2720 et
165 2678 333 2737 presentibus,
349 2680 483 2748 flagitiose.
496 2688 523 2728 et
535 2678 642 2724 'incerto
656 2648 850 2754 stuwi&-

73 2735 181 2788 ΜΨ
189 2741 217 2792 ῐῡ
230 2749 419 2810 consummo
427 2748 585 2803 uouemus.
599 2731 706 2786 unser*
715 2728 753 2763 2²
