1680 2910
71 323 170 364 acm
220 306 415 368 sunamitis
431 310 660 363 Loxucarss.
692 318 743 365 ors

69 451 165 506 saalum,
176 457 229 514 post
239 450 336 498 Lusium
346 450 440 503 Getam,
448 445 590 510 praetorianis
600 445 740 508 impositum,
751 464 754 469 ·

69 524 227 579 percontatur:
246 518 327 580 quibus
343 515 470 567 fatentibus,
489 512 591 559 certatim
607 513 683 558 caeteri
695 511 753 559 cir--

68 589 232 645 cumstrepuat,
247 583 290 629 iret
305 583 329 628 ln
346 588 434 638 castra;
450 578 550 625 firmaret
566 577 684 638 praetorias
701 592 741 625 co·

69 647 162 704 bortes;
180 648 294 695 securitati
312 653 371 702 ante,
389 660 456 707 quarn
475 642 583 690 vlndictae
604 643 739 692 consuleret.

71 712 132 759 Satis
143 720 238 767 constat,
250 729 278 760 eo
288 727 373 774 pavore
383 710 480 758 offirsum
493 706 621 762 Claudium,
634 716 660 755 ut
672 708 752 755 iden·l

69 777 139 824 tidem
151 778 307 841 interrogaret,
318 793 347 825 nn
358 778 407 838 ipse
417 775 504 839 imperii
514 773 614 837 potensi
631 789 660 820 an
668 774 739 823 Silius

68 843 170 904 privatus
188 841 265 891 esset?
298 843 332 890 At
349 841 480 894 Messalina,
503 855 549 886 non
569 839 623 885 alias
642 840 738 888 soluti0r

69 907 133 960 luxu,
152 909 229 955 adulto
245 916 374 964 auctumno,
394 907 538 954 simulacrum
555 904 675 951 vindemie
697 920 740 967 per

70 973 163 1019 domurn
174 973 279 1021 celebrat.
314 973 400 1035 Urgeri
411 972 479 1034 prela,
491 969 561 1016 fluere
568 969 644 1016 lacus:
668 976 692 1017 ct
702 969 737 1017 fe·

68 1038 139 1084 minae
155 1039 249 1101 pellibus
265 1040 374 1086 accinctae
388 1037 529 1092 assultabant,
547 1040 573 1081 ut
586 1033 749 1085 sacrificantes-

68 1103 106 1150 vel
123 1104 260 1151 insanientes
278 1103 391 1152 Bacchae:
410 1105 460 1164 ipsa
471 1102 533 1148 crine
548 1099 618 1153 fluxo,
631 1100 736 1161 thyrsum

68 1168 180 1229 quatiens,
195 1170 307 1232 juxtaque
319 1169 388 1216 Silius
398 1165 481 1215 bederd
491 1167 587 1218 vinctus,
598 1180 679 1227 gerere
695 1180 735 1213 co·

69 1234 171 1290 tburnos,
175 1235 254 1296 jacere
261 1242 335 1297 caput,
340 1241 455 1296 strepente
465 1233 549 1278 clrcum
560 1230 648 1292 procaci
657 1233 735 1279 choro.

68 1296 163 1354 Ferunt,
172 1298 281 1348 Vectium
288 1299 417 1354 Valentem,
433 1295 526 1345 lascivid
536 1297 559 1342 in
570 1295 687 1358 praealtam
698 1311 736 1343 ar·

67 1363 145 1411 berem
165 1366 291 1421 connisum,
310 1363 507 1426 interrogantibus,
524 1361 577 1422 quid
595 1361 736 1423 adspiceret?

66 1430 215 1492 respondisse,
226 1437 383 1494 tempestatem
395 1431 422 1477 ab
431 1426 497 1476 Ostid
507 1434 618 1474 atrocem:
638 1427 687 1474 sive
697 1441 736 1474 ce·

66 1501 132 1557 perat
143 1510 170 1542 ea
181 1497 273 1558 specles,
290 1511 330 1542 seu
346 1495 406 1542 forte
420 1494 482 1555 lapsa
496 1507 543 1541 vox
560 1493 583 1538 iu
599 1480 736 1556 praesegium

66 1561 143 1607 vertit.
355 1577 358 1582 ·
740 1587 742 1594 ·

100 1623 216 1673 XXXII.
233 1625 290 1673 Non
300 1640 377 1673 rumor
387 1625 479 1679 interea,
498 1624 539 1672 sed
554 1623 652 1685 undique
663 1624 737 1672 nuntii

68 1690 182 1746 Incedunt,
194 1691 239 1751 qui,
248 1706 323 1754 ¹gnara
334 1689 431 1739 Claudio
439 1697 527 1744 cuncta,
539 1696 562 1735 et
568 1691 649 1736 venire
657 1705 735 1752 prom·

67 1762 117 1801 turn
129 1756 215 1811 ultioni,
226 1756 338 1804 afferrent.
367 1754 442 1818 Igitur
453 1754 577 1802 Messalina
588 1752 737 1803 Lucullianos

67 1821 92 1866 ln
104 1820 189 1876 hortos,
207 1822 282 1877 Silius,
300 1820 460 1868 dissimulando
475 1827 545 1874 metu,
560 1819 589 1866 ad
604 1820 681 1866 munia
691 1819 736 1868 fori

67 1885 230 1948 digrediuntur.
260 1887 362 1936 ·Caeteris
377 1887 461 1948 passIm
472 1885 626 1940 dilabentibus,
643 1883 736 1932 adfuere

67 1951 218 2006 centuriones,
239 1953 353 2014 luditaque
364 1959 417 1999 sunt
427 1951 523 2005 vincula,
536 1957 561 1996 ut
571 1951 622 2010 qula
637 1951 736 2012 reperIe·

66 2016 133 2064 batur
143 2016 167 2065 in
174 2017 270 2080 publico,
281 2026 320 2065 aut
330 2033 371 2080 per
381 2017 483 2064 latebras.
515 2015 641 2063 Messalina
651 2023 741 2070 tamem
759 2061 768 2067 ,

68 2096 251 2144 quamquam-res
262 2085 363 2131 udvessae
374 2082 493 2130 consilium
507 2081 638 2134 eximerent,
650 2082 683 2127 Ire
694 2082 735 2128 ob·

66 2147 135 2201 viana
152 2155 176 2195 et
192 2148 276 2210 adspiei
287 2149 398 2203 emerito,
415 2147 477 2208 quod
486 2161 547 2208 saepe
558 2145 679 2193 subsidium
695 2146 736 2192 ha-

67 2213 152 2269 bremt,
172 2213 231 2260 baud
243 2216 342 2276 segniter
353 2213 455 2267 Intendit,
467 2213 588 2275 jussitque,
605 2217 630 2257 ut
641 2208 736 2257 Britan·

67 2278 132 2325 nicus
143 2285 166 2325 et
175 2277 272 2326 Octavia
282 2280 306 2326 in
317 2280 459 2341 complexum
470 2278 539 2339 pstrIs
549 2283 678 2339 pergerent.
702 2274 736 2323 Et

66 2341 187 2399 Vibidiam,
197 2345 312 2406 vlrginum
323 2343 451 2391 Vestalium
461 2342 644 2397 vetustissImam,
656 2341 737 2397 oravit,

66 2407 180 2469 pontilicis
196 2410 290 2456 maximi
301 2402 366 2456 aures
382 2410 449 2463 adire,
469 2409 611 2454 clementiam
623 2413 737 2469 expetere.

67 2473 147 2533 Atque
161 2474 259 2530 interim,
277 2476 349 2522 tribus
365 2475 458 2522 omnino
475 2473 635 2520 comitantibus
651 2472 685 2535 (id
700 2486 737 2518 re·

67 2547 136 2600 pente
147 2540 274 2587 solitudinis
284 2538 343 2601 erat)
351 2540 448 2602 spatium
454 2538 523 2586 Urbis
533 2538 627 2600 pedibus
637 2551 736 2592 emensa,

67 2603 179 2660 vehiculo,
211 2620 257 2666 quo
283 2614 434 2669 purgamenta
459 2606 577 2652 hortorum
604 2603 737 2664 eripIuntur,

68 2668 200 2717 Ostiensem
208 2671 268 2718 vlam
276 2673 356 2730 intrnt3
368 2669 431 2718 nullis
439 2671 570 2732 cujusquam
577 2665 737 2724 misericordia

66 2734 119 2794 quia
131 2734 267 2796 flagitiomm
278 2736 410 2786 deformitas
418 2735 568 2802 praevalebat.

123 2799 227 2848 XXIII.
250 2801 424 2869 Trepidabatur
444 2802 605 2853 sirlirlunimus
620 2791 785 2900 ιβῖἓῶ

98 2885 134 2910 αι’
184 2888 219 2907 *r
263 2874 390 2910 s·.'.
417 2894 498 2910 22.
536 2888 592 2910 rm
631 2868 683 2910 §W

88 2859 95 2872 O
