1680 2910
78 132 126 181 1'56
158 128 351 179 ANNALIUM
366 124 474 177 Lulv.
485 125 593 178 cass.
610 121 744 181 'weard

75 262 203 324 ignoratio:
223 268 246 307 et
262 260 346 308 montis
364 258 465 307 anfractu
481 272 626 322 repereussae,
645 259 712 307 velut
726 256 744 307 'a

77 333 149 389 tergo,
168 340 242 379 voces,
260 326 315 372 adeo
333 332 415 372 cuncta
431 325 574 380 miscuerant,
591 333 618 372 ut
636 325 744 385 quaedsm

76 392 217 437 munimenta
226 389 333 444 Romani,
349 391 412 451 qussi
422 397 533 452 perrupta,
549 390 680 436 omiserint:
701 404 743 436 ne·

76 470 120 516 que
136 464 211 502 tamen
226 452 344 516 pervasere
361 456 444 510 hostes,
460 454 504 500 nisi
519 453 640 501 admodum
659 455 740 517 pauci:

76 527 181 576 coeteros,
196 520 270 567 deleto
280 520 432 580 promtissimo
448 532 536 580 quoque
550 526 589 566 aut
600 519 684 574 saucio,
701 532 744 581 ap·

75 592 167 647 petente
173 586 222 646 jam
233 585 290 638 luce,
303 581 419 631 trusdrein
431 597 518 630 summa
527 584 613 630 castelli
620 600 628 640 ς
646 585 683 631 ubi
691 590 742 631 tsn-

75 650 127 696 dem
139 657 216 696 coacta
227 650 315 704 deditio,
330 656 353 695 et
362 649 465 710 proxima
476 656 556 710 sponte
567 648 693 696 incolarum
704 664 742 695 re·

75 721 153 776 cepta:
173 715 272 776 reliquIs,
290 715 419 774 quominus
431 714 453 759 vi
464 721 503 760 aut
512 713 598 760 obsidIo
609 715 742 776 subigeren-

76 786 119 833 tur,
139 787 274 841 praematura
290 779 373 825 montis
388 776 467 825 Haerni
484 787 508 826 et
525 793 587 825 saeva
599 779 673 826 hIems
688 778 742 825 sub-

78 846 149 892 venit.
348 863 349 866 ¹

110 906 166 955 LII.
184 908 217 954 At
228 907 317 962 Romae,
335 906 448 955 commoti
457 908 564 970 pn'ncipis
574 908 650 962 domo,
667 914 692 955 ut
703 922 740 955 se·

77 974 121 1021 ries
138 973 207 1020 sutori
225 974 247 1019 In
265 971 415 1035 Agrippinam
429 974 493 1020 exitii
506 974 621 1035 inciperet,
646 970 742 1021 ClaudIa

76 1038 181 1092 Pulchra,
190 1039 280 1084 sobrina
290 1039 344 1100 ejus,
361 1039 493 1099 postulatur,
504 1045 625 1085 accusante
636 1036 743 1085 Domitio

77 1102 143 1150 Afro.
177 1101 201 1149 Is
220 1117 297 1148 recens
315 1101 420 1164 praeturd,
437 1103 538 1150 modIcus
555 1101 700 1164 dignationis,
718 1107 744 1149 et

75 1183 166 1229 quoquo
176 1166 276 1215 facinore
287 1183 394 1228 properus
405 1167 533 1221 clarescere,
545 1167 630 1214 crimen
641 1166 741 1228 Impudi·

76 1233 143 1288 citine,
160 1232 284 1278 adulterum
296 1231 412 1286 Furnium,
429 1231 537 1279 veneficia
548 1231 572 1279 in
582 1232 706 1294 principem
717 1238 742 1278 et

76 1297 208 1343 devotiones
218 1297 349 1358 objectabat.
377 1297 503 1358 Agrippina
511 1311 599 1357 semper
607 1302 680 1353 atrox,
691 1303 742 1343 tum

76 1369 100 1408 et
111 1362 210 1423 periculo
225 1361 356 1422 propinquae
371 1375 470 1415 accensu,
488 1363 562 1423 pergit
576 1361 605 1407 ud
615 1359 740 1418 itherium,

77 1442 103 1472 ac
114 1426 173 1472 forte
184 1425 344 1471 sacrificantem
359 1426 416 1486 putri
427 1427 520 1487 reperit:
540 1441 585 1486 quo
599 1425 665 1472 initio
680 1427 740 1472 Invi·

76 1491 126 1545 dise,
138 1490 193 1536 Non
203 1490 308 1552 ejusdem,
318 1489 355 1542 ait,
366 1498 464 1537 mactare
472 1490 504 1536 D.
513 1491 622 1552 Augusto
629 1491 739 1546 victimas,

77 1562 100 1601 et
111 1563 213 1616 posteros
224 1557 271 1618 ejus
282 1555 400 1601 Insectari:
420 1570 466 1602 non
480 1557 504 1602 In
518 1555 605 1616 effigies
616 1563 690 1602 mutas
705 1556 740 1602 ui·

76 1620 154 1666 vinum
172 1619 274 1681 spiritum
291 1619 445 1676 transfusum
462 1621 502 1667 sed
516 1621 638 1681 imaginem
656 1634 740 1675 verume

77 1685 164 1730 coelesti
176 1686 285 1745 sanguine
296 1693 373 1739 ortem,
388 1686 514 1747 intelligere
524 1685 650 1738 discrimen,
667 1686 739 1731 susci-

74 1763 127 1810 pere
147 1748 237 1795 sordes:
260 1748 344 1796 frustra
361 1749 481 1797 Pulchram
500 1750 619 1812 praescribi,
639 1751 676 1796 cui
694 1749 742 1799 sois

76 1813 138 1858 exitii
154 1828 221 1858 causa
235 1814 270 1866 sit,
288 1815 347 1875 quod
361 1814 509 1876 AgrippInam
525 1815 593 1860 stulte
603 1830 695 1876 prorsus
711 1814 740 1861 ad

73 1878 162 1924 'cultum
182 1878 296 1941 delegerit,
316 1879 383 1926 oblita
403 1880 481 1934 Sosus,
502 1880 530 1927 ob
547 1880 623 1925 eadem
643 1879 741 1926 afflictae·

77 1943 162 1990 Audita
177 1945 226 1990 haec
241 1959 312 1990 raram
332 1944 413 1990 occulti
427 1945 523 2006 pectoris
536 1959 616 1992 vocem
629 1941 738 1999 elicuere<

78 2016 246 2070 correptamque
269 2010 353 2057 Graeco
374 2024 441 2055 versu
467 2010 588 2063 admonuit,
616 2023 662 2055 non
690 2009 741 2055 ideo

76 2073 136 2129 laedi,
153 2075 260 2134 quianon
272 2082 383 2136 regnaret.
417 2074 515 2121 Pulchra
529 2083 552 2121 et
567 2073 665 2121 Furnius
676 2074 740 2120 dam·

75 2146 164 2184 nantur.
198 2136 255 2184 Afcr
273 2139 405 2200 primoribus
422 2148 535 2186 oratorum
552 2138 647 2193 additus,
666 2138 741 2184 divul-

75 2210 129 2263 gato
146 2203 243 2263 ingenio,
261 2210 284 2248 et
300 2202 377 2248 secutd
392 2205 558 2251 asseveratione
573 2201 678 2258 Caesaris,
696 2201 742 2263 qui

75 2280 118 2312 suo
124 2268 176 2326 jure
192 2267 299 2314 disertum
312 2282 363 2313 eum
380 2269 513 2329 appellavit:
533 2283 587 2314 mox
598 2269 742 2328 capessendis

76 2331 260 2386 accusationibus,
272 2339 310 2377 aut
318 2348 368 2379 reos
375 2334 474 2387 tutando,
483 2333 622 2395 prosperiore
631 2333 740 2393 eloquens

76 2395 116 2439 tiuc
129 2409 194 2453 quarn
206 2411 293 2442 morum
304 2396 378 2443 formu
387 2397 445 2454 suit;
462 2399 504 2444 nisi
522 2398 581 2458 quod
596 2404 651 2443 aetas
663 2404 740 2443 extre·

76 2474 115 2505 ma
134 2459 229 2506 multum
248 2463 314 2507 etiam
334 2462 468 2521 eloquentiae
494 2463 581 2516 demsit,
601 2462 655 2506 dum
678 2459 743 2508 sess&

76 2533 153 2571 mente
165 2526 245 2571 retinet
256 2527 336 2572 silentii
347 2528 516 2587 impatientiam.

108 2587 180 2636 LIII.
197 2591 230 2639 At
241 2589 374 2655 Agrippim,
385 2593 494 2655 peruicax
501 2593 551 2643 irae,
566 2597 591 2636 et
598 2590 678 2635 mereo
689 2605 740 2635 cor·

60 2659 131 2724 poris
140 2658 268 2726 implicata,
281 2674 334 2709 cum
346 2658 437 2708 viseret
445 2672 497 2707 eam
507 2653 597 2706 Caesus,
604 2651 758 2710 protono-usu
