1680 2910
118 64 167 111 ssa
298 55 596 109 SUPPLRMENTUM
672 60 789 112 mm

115 194 210 249 hahere3
225 205 270 238 nec
283 191 332 253 jam
345 191 479 247 libidinibus,
495 191 535 239 sed
550 190 674 239 sceleribus
685 198 785 241 certaret

115 258 226 320 dignitate
242 256 271 303 ad
287 256 401 304 audaciam
418 257 489 304 abutia
508 256 640 319 pudicitiam
654 257 784 318 publicem

115 322 265 371 nobilissimos
276 336 377 382 quosque
386 321 449 369 viros
458 320 589 369 acfenrinas
605 322 635 369 sd
644 322 786 385 voluptatem

115 394 218 435 monstra
233 401 369 448 provocare:
390 386 409 433 si
422 387 566 441 assenserint,
577 388 693 448 gratiams
711 389 731 435 si
741 388 786 434 dis·

105 448 235 507 'senserint
253 453 305 498 odia
324 451 436 499 divideres
464 449 586 500 Claudium
606 453 785 513 spectaculorum

116 517 226 564 illecebris
246 515 365 563 ludificari:
384 531 437 563 eum
451 516 553 563 muliebri
569 515 684 564 famulitio
695 517 729 564 ita
737 517 785 564 cin·

116 597 178 644 gere,
195 588 227 636 ut,
242 582 297 628 dum
313 582 363 628 haec
379 588 483 643 stupente
497 588 521 628 et
534 581 670 643 indignante
682 581 748 631 Urbe
761 582 784 628 in

116 647 234 709 propatulo
244 647 395 708 patrabantur,
405 661 474 693 unum
480 647 605 708 principem
611 647 718 704 laterent,
726 648 783 710 ipse·

116 727 161 772 qne
169 710 299 758 histrionem
307 711 456 766 Mnesterem,
465 711 599 759 Messalina
604 710 695 774 flagitia
701 727 784 773 pasen-

116 783 170 833 tem,
182 778 251 838 ipsius
257 777 328 838 Jussis
339 791 389 823 esse
397 777 519 823 obnoxium
526 777 624 839 juberet.
646 775 783 826 Justasca·

116 843 199 896 tonius,
211 842 366 903 praetoriarum
377 842 503 890 cohortium
511 840 640 903 praefectus,
649 857 704 889 cnm
714 842 784 906 publi-

115 922 166 955 oam
177 905 291 954 infamiam
302 906 385 955 indicio
393 907 471 954 ulcisci
477 913 573 969 pararet,
582 906 720 955 Messalinae
727 908 782 962 odio,

118 970 207 1020 Claudii
221 973 289 1034 Jussu
308 978 381 1019 morte
399 971 493 1019 affectm
511 979 554 1018 est.
587 970 675 1018 lisdem
695 974 784 1028 artabus,

116 1038 210 1085 crimine
225 1037 320 1091 incerto,
336 1051 378 1083 neo
389 1036 519 1084 defensione
529 1034 578 1084 ullh
587 1034 647 1094 dati,
662 1035 742 1094 Julioe,
752 1037 784 1085 al·

116 1109 165 1149 tera
176 1101 256 1156 Drusi,
273 1101 343 1148 altera
359 1102 491 1149 Germanici
506 1101 559 1157 filia,
575 1099 609 1149 D.
615 1101 721 1165 Augusti
733 1118 784 1167 pro·

116 1174 203 1229 neptes,
213 1165 273 1212 ferro
283 1165 373 1214 famave
383 1173 479 1213 enectae.

149 1230 223 1295 [Haec
234 1229 348 1279 Caesarese
358 1229 439 1278 dornsss
449 1230 530 1279 funera
537 1229 628 1279 Claudii
638 1247 697 1280 nece
707 1248 784 1280 oramu-

116 1297 163 1344 lare
180 1296 327 1342 meditabatur
342 1309 411 1356 eques
425 1294 550 1343 Romanus.
584 1296 665 1343 Scelus
678 1295 709 1344 L.
717 1297 784 1353 Otho,

115 1361 260 1426 prodentibus
267 1361 343 1416 servis,
353 1362 469 1422 comperit,
474 1368 497 1408 et
503 1361 594 1416 detexit,
602 1360 689 1423 magnai
695 1363 785 1424 quidem

116 1442 169 1474 cum
188 1426 259 1481 laude,
276 1427 337 1487 quod
352 1440 411 1472 anno
429 1426 549 1488 superiore,
569 1427 601 1473 uti
613 1427 663 1487 jam
679 1427 783 1482 diximus,

116 1490 190 1555 gratii
208 1491 266 1553 apud
282 1492 405 1553 principem
423 1492 543 1538 exciderat.
578 1490 644 1538 Reus
660 1507 675 1537 a
691 1492 785 1539 tribunis

116 1558 187 1620 plebis
198 1564 221 1602 et
232 1557 359 1603 oonsulibus
367 1555 546 1618 eTarpeihrupe
553 1556 653 1618 dejectus
663 1563 707 1605 est.
724 1556 785 1604 Mox

117 1623 145 1668 de
157 1621 186 1667 L.
195 1620 292 1668 Othonis
303 1621 424 1668 honoribus
435 1621 594 1669 consultatum.
621 1621 722 1669 Senatus
732 1636 785 1669 eum

115 1687 229 1734 rarissimo
241 1686 332 1741 honore,
344 1684 420 1734 statuis
430 1687 454 1733 in
464 1686 551 1741 Palatio
561 1684 642 1748 positi,
650 1693 783 1749 prosecutus

116 1759 159 1799 est.
194 1748 302 1799 Claudius
312 1766 408 1812 quoque,
427 1759 451 1798 ut
468 1753 569 1813 praestito
581 1750 662 1806 officio,
677 1753 713 1800 ita
728 1752 783 1799 libc-

116 1817 203 1863 ralitate
213 1817 294 1879 potior,
308 1815 423 1863 Othonem
435 1818 495 1865 inter
509 1817 614 1880 patricios
625 1817 720 1878 allegit3
736 1817 784 1864 col-

114 1883 252 1942 laudansque
271 1882 413 1943 amplissimis
431 1884 512 1939 verbis,
529 1882 616 1945 adjecit,
633 1883 710 1928 virum
727 1895 784 1939 esse,

117 1963 162 2009 quo
173 1948 277 1994 meliores
288 1947 369 1994 liberos
379 1948 461 1994 habere
472 1963 500 1994 ne
511 1954 599 2009 optaret
609 1946 709 2007 quidem.

149 2011 222 2075 [Tum
234 2013 308 2059 oblata
318 2013 415 2068 tandem,
427 2028 478 2073 quae
489 2028 529 2074 per
543 2019 578 2058 tot
589 2027 662 2060 annos
673 2010 782 2066 defuerat,

115 2079 225 2125 bellorum
234 2078 344 2124 materies.
377 2076 478 2133 Bericus,
490 2078 573 2138 aliique
583 2092 613 2123 ex
623 2074 745 2125 Britannii
755 2077 785 2124 ob

116 2143 249 2190 seditionem
260 2142 357 2204 profugi,
365 2142 469 2197 insulam,
481 2157 495 2189 a
506 2141 539 2189 D.
547 2140 610 2190 Julio
618 2157 726 2205 prospere
733 2149 785 2189 ten·

117 2214 193 2261 tatum,
209 2222 269 2253 nunc
285 2208 414 2255 domesticis
433 2208 608 2254 dissensionibus
626 2213 651 2252 et
666 2204 786 2270 inexperti

116 2287 228 2319 novorum
241 2288 319 2333 regum
331 2279 399 2319 aetste
408 2273 468 2319 vinci
476 2271 571 2326 facilem,
580 2270 677 2320 Claudio
688 2272 784 2320 demon·

117 2334 224 2384 stravere.
256 2337 293 2384 Eo
304 2337 407 2383 libentius
423 2337 498 2392 auditi,
517 2338 576 2398 quod
590 2337 699 2399 triumphi
716 2338 786 2384 decus

117 2408 230 2462 quasreret
247 2402 356 2463 princeps,
372 2417 413 2448 nec
429 2404 593 2463 occupationes,
614 2416 667 2463 quse
680 2402 786 2449 libidines

113 2482 168 2516 suas
189 2467 326 2526 occulerent,
349 2474 489 2517 aversaretur
512 2467 643 2514 Messalina.
687 2465 786 2528 Insuper

103 2534 216 2586 Britanni
228 2538 260 2587 ob
273 2554 320 2588 non
334 2537 438 2588 redditos
448 2533 584 2597 transfugas
592 2531 796 2576 tumultuabantur.

95 2602 186 2674 Itaque
196 2609 285 2678 jussus
296 2618 338 2664 est
351 2607 434 2665 Aulus
444 2601 558 2659 Pisanos
567 2615 585 2651 e
593 2591 813 2648 balsamonem
