1680 2910
80 139 100 176 J.
111 137 135 178 c.
145 142 179 181 47·
233 131 428 181 ANNALIUM
445 132 498 181 Lis.
508 134 553 182 Xl.
566 134 626 186 Car.
636 142 672 185 10.
705 147 753 190 307

80 266 124 313 tria
134 266 205 312 millia
215 265 337 312 stadiorum
349 266 441 323 invadit,
453 267 602 329 ignarumque
616 279 639 316 et
650 273 746 319 exterri-

79 338 135 378 tum.
154 331 273 378 Gotarzen
295 332 426 393 proturbat:
447 347 521 393 neque
542 340 667 390 cunctatur,
690 338 745 398 quin

78 396 194 458 proximas
209 395 354 458 praesecthras
371 397 481 458 corripiat,
500 397 553 445 solis
573 396 757 450 Seleucensibus

81 461 258 509 dominationem
270 463 318 524 ejus
329 463 491 509 abnuentibus:
511 463 535 510 in
551 479 614 524 qnos,
634 472 660 512 ut
674 467 744 529 patris

79 527 114 574 sui
126 525 359 588 quoquedesectores,
371 523 405 573 iria
415 528 494 590 magis,
512 544 579 590 quam
591 544 621 576 ex
631 545 673 578 usu
684 546 744 594 prte-

80 593 146 646 senti,
168 607 284 646 accensus,
301 592 428 654 implicatur
444 593 559 641 obsidione
577 595 638 642 urbis
655 597 744 655 validae,

78 667 102 704 et
113 658 259 704 munimentis
270 657 350 719 objecti
361 658 440 712 amnis,
458 674 574 720 muroque,
594 669 618 707 et
628 676 743 710 commea·

77 723 138 770 tibus
148 721 252 768 firnaatae.
283 720 379 769 Interim
397 723 520 778 Gotarzes,
540 723 658 772 Daharum
675 727 743 789 Hyr-

78 802 232 848 canorumque
243 788 323 849 opibus
339 796 427 843 auctus,
446 788 529 835 bellurn
547 798 655 837 renovat:
675 808 741 840 coac·

78 860 160 914 tuaque
183 852 300 906 Bardanes
321 854 426 900 omittere
452 853 584 911 Seleuciam,
607 853 742 908 Bactrianos

75 919 137 980 apud
147 933 239 980 campos
250 925 323 965 castra
330 918 433 967 contulit.

110 981 157 1030 IX.
174 982 248 1039 Tunc,
263 983 375 1030 distractis
387 983 488 1031 Orientis
498 985 589 1041 viribus,
600 992 630 1042 et,
642 1003 740 1048 quonam

75 1048 217 1103 inclinarent,
237 1049 335 1104 incertis,
352 1064 418 1095 casus
433 1049 561 1097 Mithridati
577 1051 644 1098 datus
654 1063 689 1100 est
700 1070 747 1102 oc·.

73 1114 173 1175 cupandi
184 1113 323 1168 Armeniam,
342 1114 365 1160 vi
376 1113 454 1161 militis
467 1113 567 1161 Romani
578 1116 607 1163 ad
617 1117 741 1166 excidenda

74 1179 219 1226 castellorum
228 1179 303 1234 ardua,
315 1179 382 1226 simul
396 1177 464 1225 Ibero
474 1181 575 1226 exercitu
586 1196 676 1243 campos
686 1200 739 1246 per·

76 1244 182 1292 saltante.
219 1243 272 1290 Nec
291 1245 351 1291 enim
366 1244 470 1291 resistere
487 1244 597 1302 Armenii,
619 1246 677 1302 fuso,
700 1249 739 1309 qui

74 1310 180 1373 proelium
192 1324 260 1356 eurus
270 1316 325 1365 erat,
337 1308 487 1364 Demonacte,
505 1309 619 1371 praefecto.
653 1311 744 1361 Paula-1

73 1374 122 1422 lum
133 1374 283 1422 cunctationis
297 1375 372 1422 attulit
389 1389 430 1421 rex
445 1375 538 1422 minoris
553 1377 677 1433 Armeniae,
690 1375 738 1427 Co·

74 1447 119 1501 tyr,
138 1441 210 1488 versis
229 1439 282 1486 illuc
298 1440 430 1501 quibusdam
447 1455 565 1502 procerum
574 1458 582 1498 ;
599 1442 651 1490 dein
667 1444 738 1492 literis

24 1528 26 1532 ·
75 1504 175 1554 cenans
186 1505 303 1561 coercitus,
321 1512 344 1553 et
355 1512 436 1552 cuncta
446 1507 471 1552 in
482 1506 631 1555 Mithridaten
641 1506 736 1566 fluxere,

74 1572 215 1626 atrociorem,
227 1586 293 1632 quam
303 1586 363 1618 novo
375 1587 446 1633 regno
458 1572 600 1619 conduceret
633 1571 668 1621 At
679 1574 736 1622 Par·

74 1637 107 1682 tbi
122 1636 274 1698 imperatores,
291 1651 343 1683 cum
362 1650 461 1698 pugnam
480 1645 591 1698 pararent,
608 1636 689 1686 fredus
700 1655 738 1688 re·

71 1707 140 1764 pente
154 1702 230 1759 iciunt,
242 1703 340 1764 cognitis
350 1701 490 1765 popularium
507 1702 600 1759 insidiis,
618 1718 674 1764 quaa
685 1704 736 1753 Go-

72 1775 149 1814 tarzes
160 1765 224 1814 fratri
235 1766 376 1829 patefecerat,
395 1768 555 1829 congressique
573 1769 647 1831 primo
665 1785 740 1823 cunc-1

73 1839 157 1887 tantur,
174 1833 254 1880 deinde
265 1832 377 1894 complexi
393 1832 495 1890 dextras,¹
502 1834 560 1895 apud
579 1834 656 1883 altaria
667 1835 735 1883 dallm

70 1895 185 1960 pepigere,
199 1896 300 1945 fraudem
313 1898 453 1947 inimicorum
466 1898 550 1954 ulcisci,
567 1908 634 1960 atque
644 1901 687 1962 ipsi
698 1902 735 1948 in·

70 1969 106 2009 ter
117 1979 142 2010 se
158 1963 288 2011 concedere.
322 1962 446 2024 Potiorque
465 1962 583 2011 Bardanes
600 1966 662 2012 visus
680 1967 735 2013 reti·
755 2005 758 2011 .

71 2029 146 2076 nendo
157 2045 242 2091 regno:
262 2037 285 2075 at
295 2029 416 2082 Gotarzes,
428 2029 521 2091 nequid
532 2029 682 2077 aemulationis
693 2045 734 2078 ex·

68 2093 165 2150 sisteret,
183 2095 273 2156 penitus
288 2095 313 2141 in
333 2093 475 2154 Hyrcaniam
495 2094 563 2141 abiit:
586 2111 598 2140 r
639 2111 736 2157 essoque

68 2156 169 2206 Bardani
180 2160 268 2210 deditur
280 2159 392 2216 Seleucia,
408 2160 573 2221 septimopost
584 2160 598 2206 d
621 2161 735 2208 ectionem
752 2206 755 2211 .

67 2239 143 2282 anno3
161 2239 208 2271 non
228 2224 276 2271 aine
293 2223 403 2272 dedecore
415 2223 558 2281 Parthorum,
576 2240 633 2286 quos
645 2240 690 2275 una
700 2226 734 2274 ci·

66 2288 126 2336 vitas
136 2290 222 2337 tamdiu
233 2290 338 2338 eluserat.

93 2354 135 2405 X.
151 2355 215 2402 Exin
226 2355 374 2403 validissimas
384 2355 531 2418 praefecturas
542 2356 637 2403 invasit:
657 2363 681 2403 et
697 2371 734 2404 re·

66 2435 175 2483 superare
186 2420 318 2468 Armeniam
329 2422 415 2478 avebat,
428 2422 451 2467 ni
463 2437 476 2468 a
489 2420 557 2468 Vibio
566 2421 646 2468 Marso
659 2421 734 2482 syris

65 2486 254 2550 legatobellum
276 2487 402 2542 minitante,
422 2487 533 2533 cohibitus
556 2485 622 2535 soret.
654 2488 733 2548 Atque

66 2552 157 2600 interim
172 2551 295 2608 Gotarzes,
306 2551 440 2615 prenitentid
455 2551 555 2600 concessi
571 2552 643 2614 regni,
662 2560 686 2600 et
697 2568 735 2600 re·

63 2624 161 2666 vocante
172 2615 297 2677 nobilitate,
318 2618 358 2667 cui
374 2618 469 2684 inance
480 2617 562 2665 hunus
571 2616 697 2664 nimbum
704 2619 755 2661 ess.

53 2683 172 2733 manabit
189 2685 285 2751 copias:
313 2694 341 2738 et
359 2687 420 2737 huic
438 2684 609 2736 contraitum
622 2677 661 2724 ab
674 2683 777 2720 mm

719 2796 751 2841 ι’,
