1680 2910
69 157 90 196 J.
100 159 123 196 C.
134 161 166 196 22.
217 153 410 202 ANNALlUllI
428 152 535 202 Lrnlll.
549 153 655 203 Cnr.58.
691 159 737 204 117

69 286 131 339 liora,
144 286 183 332 sed
195 292 273 333 nostra
283 301 372 347 quoque
384 292 440 332 aetas
451 286 521 332 multa
531 286 603 332 laudis
614 292 638 332 et
649 286 738 341 artium,

69 350 177 397 imitanda
183 352 285 413 posteris,
294 351 353 398 tulit.
370 350 458 397 Verum
466 351 586 397 haccoobis
597 353 627 380 ⁴*
641 352 738 414 majores

70 416 194 463 certamina
205 431 235 462 ex
245 417 340 463 honesto
351 424 463 462 moneant.

63 501 66 506 ·
102 479 170 526 LVI.
188 479 298 536 Tiberius,
307 480 368 528 samri
378 481 537 527 moderationis
547 478 616 541 parti,
629 481 689 542 quod
700 482 736 527 in·

68 542 179 608 gr'uentes
189 554 330 592 accusatores
342 553 483 608 represserat,
495 546 564 592 mittit
574 545 650 592 literas
661 547 688 592 nd
700 562 736 592 se·

64 618 155 665 'natum
174 611 224 672 quis
238 619 371 672 potestatem
392 611 531 657 tribuniciam
547 609 626 657 Druso
641 612 737 672 petebat.

70 673 99 722 ld
115 676 198 722 summi
213 675 298 737 fastigii
316 675 449 723 vocabulum
466 676 586 737 Augustus
601 677 690 737 reperit,
707 692 737 723 ne

70 739 145 802 Regis
163 749 202 787 aut
221 739 347 787 Dictatoris
370 755 453 787 nornen
469 748 599 793 assumeret,
617 749 736 787 notamen

62 806 218 867 *appellatione
228 805 304 866 aliqud
315 812 396 853 oaetera
410 806 503 867 imperia
517 804 667 866 praemineret·
699 806 736 853 Μ.

69 871 151 917 deinde
170 871 295 932 Agrippam
312 872 397 917 socium
417 873 472 933 ejus,
484 871 614 932 potestatis;
632 885 676 930 quo
695 871 735 917 de-

67 934 154 990 functo,
171 934 286 982 Tiberium
304 935 422 982 Neronem
436 934 527 998 delegit,
544 950 573 982 ne
584 950 701 982 successor
711 937 735 982 in

68 996 155 1047 incerto
165 999 231 1047 foret.
264 1001 302 1048 Sic
317 1001 414 1048 cohiberi
429 1015 509 1061 pravas
524 1000 618 1046 aliorum
634 1015 684 1062 spes
699 1016 735 1048 re·

68 1065 148 1112 batur:
168 1065 235 1112 simul
246 1066 363 1113 modestiae
375 1065 482 1120 Neronis,
494 1072 517 1111 et
528 1080 576 1111 suae
587 1066 736 1126 magnitudini

68 1128 157 1177 fidebat.
191 1130 245 1186 Quo
256 1139 311 1178 tunc
326 1131 430 1193 exemplo
441 1129 463 1175 T
464 1131 545 1175 iberius
557 1129 659 1176 Drusum
672 1145 735 1175 surn-

68 1210 113 1242 mae
130 1195 162 1242 rei
180 1196 299 1252 admovet;
316 1211 375 1250 cum,
391 1195 498 1242 incolumi
516 1195 659 1249 Germanico,
676 1195 737 1241 inte-

68 1275 135 1322 grum
151 1261 210 1306 inter
224 1261 281 1307 duos
291 1261 400 1322 judicium
415 1260 531 1307 tenuisset.
564 1259 609 1306 Sed
626 1259 735 1322 principio

67 1325 181 1372 literarum
194 1334 314 1372 veneratus
325 1325 398 1380 Deos,
415 1333 441 1372 ut
452 1325 546 1371 consilia
557 1340 598 1371 suo
605 1325 660 1386 reip.
670 1340 735 1386 pros·

67 1398 178 1450 perorent,
192 1392 280 1438 modica
291 1391 319 1437 de
333 1392 433 1437 moribus
450 1389 603 1444 adolescentis,
623 1404 694 1450 neque
711 1391 735 1435 in

67 1454 150 1502 salsum
162 1463 234 1510 sucta
246 1456 333 1502 retulitz
353 1470 403 1502 esse
412 1456 446 1501 illi
457 1457 577 1519 conjugem
589 1461 612 1501 et
622 1462 668 1500 tres
679 1455 734 1501 libeh

67 1536 112 1574 ros,
123 1536 219 1581 eamque
229 1528 326 1575 oetatem,
338 1518 382 1581 qui
393 1523 441 1582 ipse
451 1521 562 1581 quondam
570 1535 583 1566 a
590 1519 736 1581 D-Augusto

67 1586 96 1632 sd
115 1585 277 1646 capessendum
299 1587 343 1631 hoc
364 1601 447 1632 munus
469 1592 562 1633 vocotus
584 1585 619 1630 sit.
653 1584 736 1645 Neque

67 1665 129 1697 nunc
139 1666 240 1712 propere,
253 1649 292 1696 sed
302 1666 343 1712 per
353 1658 405 1698 octo
416 1666 488 1696 annos
499 1659 564 1711 copto
573 1648 734 1712 experimento,

67 1717 202 1778 compressis
214 1715 365 1770 reditionibus,
383 1715 512 1778 compositis
522 1715 594 1772 bellis,
610 1715 735 1776 triumplia-

67 1781 112 1828 lem
122 1789 145 1826 et
155 1781 190 1827 bis
201 1781 323 1834 consulem,
336 1781 384 1826 noti
394 1782 476 1827 laboris
486 1781 617 1842 participem
628 1781 694 1826 sumi.

99 1843 181 1892 LVII.
200 1845 358 1906 Praeceperant
366 1846 446 1892 animis
454 1845 577 1892 orationem
586 1851 674 1906 potres:
689 1860 735 1906 quo

67 1912 183 1971 quaesitior
199 1911 297 1957 adulatio
312 1909 369 1956 suit:
390 1926 432 1957 ncc
447 1917 523 1958 tamen
543 1918 663 1971 repertum,
682 1911 734 1966 nisi,

68 1985 93 2021 ut
109 1975 196 2037 effigies
213 1977 344 2036 principum,
362 1991 412 2022 aras
423 1975 508 2031 Dedm,
526 1975 647 2036 tempiset
662 1988 734 2029 meus

67 2041 154 2101 aliaque
170 2040 242 2094 solito,
262 2048 394 2098 censerent3
412 2041 454 2086 nisi
474 2040 534 2100 quod
552 2039 589 2086 M.
598 2038 688 2085 Silanus
705 2053 736 2086 ex

66 2103 203 2152 contumelid
215 2105 344 2152 consuistis
361 2106 469 2152 honorem
485 2104 621 2167 principibus
637 2105 732 2165 petivit:

66 2170 167 2230 dixitque
181 2186 222 2232 pro
240 2171 356 2225 sententia,
374 2178 399 2217 ut
415 2170 509 2232 publicis
524 2169 646 2230 privatisve
660 2169 735 2215 moni·

65 2236 155 2289 mentis,
173 2236 200 2282 sd
212 2236 343 2282 memoriam
354 2244 488 2296 temporum,
505 2249 551 2281 non
562 2233 679 2279 consulum
691 2248 734 2280 no·

66 2301 128 2346 mina
144 2301 349 2361 praescriberentur,
372 2300 411 2347 sed
429 2315 514 2353 corum,
537 2299 575 2359 qui
593 2298 735 2344 tribuniciam

64 2372 199 2427 potestatem
212 2373 324 2428 gererent.
355 2365 389 2412 Ar
401 2364 432 2419 Q,
441 2363 549 2410 Haterius
560 2378 618 2418 curn,
631 2364 679 2426 ejus
690 2364 735 2410 diei

65 2430 274 2477 senatus-consulta
284 2429 356 2476 aureis
372 2430 442 2476 literis
458 2427 547 2491 figenda
558 2429 581 2475 in
593 2427 662 2485 curii,
679 2443 734 2480 cen-

65 2496 155 2548 suisset,
172 2496 294 2541 deridiculo
306 2495 349 2541 suit
360 2510 436 2548 senex,
452 2493 583 2540 soedissimae
599 2493 736 2540 adulationis

65 2567 154 2606 tantum
165 2559 256 2606 insamiri
268 2575 355 2607 usurus.

87 2622 185 2671 LVIII.
203 2623 271 2672 Inter
281 2642 341 2690 qnae,
358 2625 483 2694 provincii
495 2623 584 2677 Airioir
593 2623 671 2674 lurixo
676 2621 770 2667 urmes

34 2686 174 2748 Pmmgflid,
192 2689 293 2743 Servius
308 2693 511 2763 Maluginensis,
529 2695 627 2745 namen
637 2686 741 2738 nidis,
755 2685 790 2735 ΨΚ
