1680 2910
116 183 215 224 Libet.
255 179 448 229 ANNALIUM
464 179 517 230 Lus.
530 180 574 229 IV.
587 180 693 231 Canffl.
735 188 781 235 139

111 327 166 374 quae
175 311 231 360 fisco
242 313 386 374 petebantur:
405 327 432 359 ea
446 313 520 374 prima
536 311 627 360 Tiberio
638 314 693 376 'erga
706 316 777 376 pe'cu·

111 377 172 424 nium
184 379 278 425 alienam
290 377 406 439 diligentia
412 376 463 424 fuit.
494 377 701 428 sonainexsfbum
712 379 777 442 pelli-

109 450 149 489 tur
171 443 246 489 Asinii
269 442 331 490 Galli
353 441 471 496 sententib,
493 443 531 504 qui
553 450 639 505 partem
664 444 775 493 bonorum

107 507 272 569 publicandam,
283 507 337 568 pars
345 514 371 553 ut
381 506 455 553 liberis
465 506 633 568 relinqueretur,
645 516 774 557 censuerat:

108 579 189 619 eontra
200 571 237 618 M.
249 570 348 633 lepidus
359 578 463 632 quartam
468 573 639 628 accusatoribus,
651 575 775 621 secundum

108 636 298 683 necessitudinem
308 635 374 697 legis,
383 644 465 682 caetera
474 635 549 682 liberis
560 639 679 684 concessit.
701 637 774 686 Hrmc

107 715 154 763 ego
166 700 285 762 Lepidum,
296 700 433 762 temporibus
443 701 495 755 illis,
505 716 598 763 gravem
615 709 638 748 et
649 703 772 763 sapientem

106 766 182 812 virum
200 764 271 812 fuisse
289 765 411 826 comperio.
443 763 504 811 Nam
529 766 634 827 pleraque
656 768 684 812 ab
705 768 773 815 saens

107 830 273 877 adulationibus
283 830 378 876 aliorum
389 831 412 875 in
423 829 504 875 mellus
514 828 590 876 flexit=
610 845 684 890 neque
695 839 771 880 tamen

106 895 277 956 temperamenti
297 896 384 955 egebat,
403 890 456 940 cum
475 893 576 955 aequabili
599 896 731 943 auctoritate
748 903 774 944 et

105 957 180 1021 gratid
190 959 249 1020 apud
263 957 378 1005 'Ilberium
389 958 495 1020 viguerit.
527 957 597 1023 Unde
615 959 716 1006 dubitare
732 975 771 1008 co·

105 1039 156 1085 gor,
172 1023 220 1070 fato
231 1031 255 1070 et
266 1030 326 1070 sorte
337 1023 449 1077 nascendi,
461 1030 486 1069 ut
497 1029 586 1077 caetera,
603 1023 636 1069 ita
646 1025 770 1087 principum

104 1088 221 1136 inclinatio
237 1089 261 1135 iu
278 1089 326 1144 bos,
344 1087 438 1134 offensio
454 1088 477 1132 in
493 1086 555 1133 illos:
574 1101 604 1134 an
614 1088 736 1150 sitsliquid
746 1090 771 1136 in

104 1153 189 1200 nomris
210 1153 316 1207 consiliis,
333 1152 449 1212 liceatque,
471 1152 531 1198 inter
552 1152 666 1214 abruptam
689 1160 769 1201 contu·

104 1218 200 1272 mecum
211 1226 234 1265 et
250 1217 351 1264 deforme
368 1216 504 1277 obsequium,
520 1231 614 1278 pergere
631 1217 680 1272 iter,
698 1218 768 1266 ambi·

103 1282 166 1330 tione
185 1298 212 1329 ac
229 1282 334 1345 periculis
348 1297 452 1328 vacuum.
484 1280 517 1327 At
533 1281 672 1328 Messalinus
692 1281 768 1338 Cotta,

101 1348 164 1395 haud
174 1348 249 1394 minus
260 1349 326 1394 claris
335 1347 462 1408 majoribus,
471 1345 510 1392 sed
517 1347 592 1392 animo
599 1345 707 1399 diversus,
714 1362 768 1394 cen-

103 1413 155 1468 suit,
174 1413 298 1460 cavendum
316 1411 530 1465 senatus-consulto,
550 1418 575 1457 ut
586 1426 720 1472 quamquam
731 1411 767 1458 in·

102 1485 180 1524 sontes
198 1479 350 1538 magistratus,
367 1484 390 1524 et
402 1475 474 1538 culpae
484 1476 564 1522 alienae
580 1476 655 1530 nescii,
675 1477 767 1537 provinss

101 1543 195 1590 cialibus
207 1557 303 1588 uxorum
314 1542 449 1596 criminibus,
460 1540 552 1602 perinde
563 1555 628 1600 quarn
641 1541 694 1595 suis,
705 1541 766 1602 pleo-

102 1615 212 1654 terentur.
758 1648 763 1657 ,
785 1640 789 1646 ·

136 1671 209 1718 XXI.
225 1671 311 1718 Actum
329 1672 409 1718 deliine
427 1671 455 1717 de
472 1668 595 1731 Calpurnio
614 1669 706 1725 Pisone,
723 1685 764 1717 no·

100 1737 139 1784 bili
151 1753 178 1784 ao
187 1737 258 1784 feroci
270 1738 325 1783 viro.
358 1734 382 1782 Is
393 1751 496 1796 namque,
515 1743 540 1781 ut
556 1736 628 1790 retuli,
647 1750 763 1782 cessurum

101 1817 127 1849 se
138 1803 192 1848 urbe
203 1803 232 1849 ob
241 1801 351 1848 factiones
362 1807 524 1854 accusatorum,
535 1801 559 1845 in
573 1806 652 1846 senatu
663 1799 764 1846 clamita·

100 1875 171 1921 verat,
189 1875 219 1922 et,
239 1865 314 1929 spreti
330 1864 432 1927 potentii
446 1864 566 1926 Augustae,
585 1865 673 1910 trabere
690 1865 766 1926 injus

102 1930 260 1994 Urgulaniam,
280 1931 392 1990 domoque
406 1930 511 1992 principis
529 1929 604 1975 excire
623 1942 691 1975 ausus
709 1935 765 1976 erat.

99 1995 163 2050 Quae
184 1997 208 2043 in
227 2011 327 2057 praesens
346 1994 451 2041 Tiberius
467 1994 562 2040 civiliter
579 1993 668 2039 habuit:
688 1993 728 2039 sed
741 1993 766 2040 in

97 2062 182 2116 animo,
202 2060 334 2108 revolvente
349 2061 400 2113 iras,
415 2060 482 2105 etiam
494 2059 512 2105 si
528 2059 625 2118 impetus
636 2056 766 2104 offensionis

99 2126 225 2188 langiierat,
245 2125 354 2172 memoria
370 2125 465 2171 valebat.
497 2122 605 2168 Pisonem
621 2121 652 2175 0,
665 2121 766 2168 Granius

100 2191 180 2238 secreti
203 2190 313 2237 sermonis
334 2189 452 2242 incusavit,
480 2187 599 2233 adversum
625 2187 765 2246 majestatem

99 2257 181 2302 babiti:
201 2255 332 2317 adjecitque,
343 2254 367 2299 in
379 2253 447 2299 domo
454 2253 503 2314 ejus
509 2266 621 2298 venenum
632 2266 688 2305 esse,
700 2265 765 2297 eum·

99 2336 145 2381 que
165 2319 242 2382 gladio
263 2319 389 2365 accinctum
408 2318 501 2364 introire
522 2316 620 2363 curiam:
650 2316 717 2377 quod,
739 2322 767 2363 ut

100 2386 199 2431 amonius
210 2400 272 2439 vero,
284 2384 456 2429 transmissumr
476 2388 616 2435 caeterorum,
632 2396 683 2442 quae
693 2381 766 2428 multa

99 2450 277 2505 cumulabantur,
288 2455 392 2510 receptus
403 2455 438 2494 est
448 2461 512 2504 reus;
529 2461 602 2507 neque
612 2453 721 2508 peractus.
737 2446 767 2493 ob

99 2522 195 2561 mortem
207 2520 364 2576 opportunam.
395 2512 503 2559 Relatum
514 2517 537 2558 et
548 2511 576 2557 de
588 2509 668 2559 Cassio
681 2511 769 2556 Seuero

98 2579 183 2633 exsule,
195 2581 233 2640 qui
239 2578 337 2626 sordidae
343 2577 448 2643 originis,
455 2576 571 2626 muetos
576 2577 645 2630 vitas,
652 2571 790 2619 &onuba

92 2642 185 2697 validus,
236 2661 248 2691 r
266 2645 406 2696 immodicas
422 2645 573 2702 iuimicitias,
589 2630 810 2706 utludlt’m'bllssd?

42 2737 50 2746 ·
79 2707 176 2755 'milit
318 2723 489 2776 amoveretis,
512 2712 649 2764 effecerat:
679 2707 761 2760 abab*
773 2688 832 2735 m
