1680 2910
121 124 173 173 ³14
205 116 402 171 ANNALIUM
418 116 529 168 anxa
540 116 653 171 Caras.
678 123 799 168 maaet.

121 246 219 313 dciatua,
231 253 336 302 conscios
351 266 399 300 non
411 252 488 310 edidit,
507 252 621 300 incertum
633 267 663 301 an
674 253 796 302 oenum

123 319 210 368 Iladetn
232 318 363 368 consulibua
383 317 411 365 P.
423 317 546 365 Dolabella
565 319 662 374 cenauit,
785 343 797 358 ·

121 386 171 433 lum
182 385 333 448 gladiatorum
343 399 385 447 per
396 398 477 431 omnes
495 398 569 432 annoa
581 327 787 448 &ebrum

121 450 191 498 cunii
201 466 287 506 eorum,
303 451 343 512 qui
354 455 492 512 quaeatumm
509 449 695 512 adipiscerentur.
729 451 796 515 Apud

122 517 221 580 majores
231 515 323 563 virtutis
342 515 366 561 id
384 515 504 578 praemium
515 514 596 571 fuerat,
614 517 751 578 cunctisque
764 517 796 563 ci·

122 582 193 636 vium,
215 581 233 628 ri
244 581 309 628 bonia
320 582 404 628 artibus
414 579 517 635 fiderent,
534 580 621 627 licitum
633 589 714 643 petere
723 583 796 645 magi·

122 652 221 694 atratus:
241 661 268 694 ac
293 661 324 693 ne
346 653 402 694 aetaa
421 646 513 707 quIdem
532 646 722 709 distinguebatur,
742 648 795 708 quin

121 711 196 775 primb
213 709 311 775 juventi
333 712 475 759 consulatum
499 726 525 758 ac
547 711 683 758 dlctaturam
705 712 794 759 inirent.

123 777 170 825 Sed
180 785 313 839 quaestores,
331 779 422 840 regibus
433 777 502 824 etium
514 783 563 824 tum
575 777 747 839 imperantibus,
760 778 796 823 in·

122 843 196 891 atituti
208 850 273 890 aunt:
293 844 354 905 quod
371 843 409 889 lex
426 843 512 889 curiata
523 843 630 899 ostendit,
643 843 672 888 ab
684 841 714 890 L.
723 841 796 890 Bmto

26 1032 30 1041 ,
121 907 796 1036 tittltuitttttttttllssttttilttl

120 1041 236 1101 creatique
246 1039 344 1101 primum
356 1036 464 1086 Valerius
475 1036 567 1085 Potitus
582 1045 606 1084 et
617 1037 730 1085 AErniliua
740 1037 795 1085 Ma·

120 1119 217 1161 marcus,
235 1102 334 1150 LXIII.
351 1118 411 1149 anno
430 1110 484 1165 poat
493 1101 633 1163 Tarquinios
650 1109 754 1158 exactos,
771 1110 796 1151 ut

121 1185 169 1218 rem
191 1169 311 1216 militarem
334 1169 504 1215 comitarentur.
547 1166 618 1224 Dein,
646 1168 796 1231 gliscentioua

120 1236 227 1298 negotiis,
239 1234 284 1281 duo
295 1233 372 1290 additi,
388 1233 427 1296 qui
435 1231 523 1288 ,llomae
531 1239 644 1280 curarent.
679 1233 743 1281 Mox
754 1235 794 1281 dn·

120 1301 343 1364 plicatuanumerua,
361 1295 506 1362 stipendiarii
519 1299 569 1360 jam
589 1295 666 1354 Italii,
686 1305 711 1346 et
729 1315 795 1347 acce·

120 1367 225 1413 dentibus
251 1365 420 1427 provinciarum
446 1363 602 1427 vectigalibus.
647 1363 714 1420 Post,
743 1365 795 1428 lege

121 1431 200 1493 Syllae,
217 1431 300 1494 viginti
315 1431 383 1478 creati
403 1429 528 1492 supplendo
544 1430 639 1483 senatui,
656 1431 693 1476 eui
709 1430 795 1492 judicia

119 1497 256 1544 tradiderat:
277 1503 307 1552 et,
326 1510 461 1558 quamquam
478 1495 564 1556 equites
574 1495 662 1558 judicia
674 1510 794 1558 recupera·

118 1563 213 1618 visaent,
230 1571 345 1623 quaestura
356 1568 439 1616 tamen,
451 1575 481 1607 ex
491 1561 602 1623 dignitate
613 1561 795 1616 candidatorum,

119 1635 159 1675 aut
169 1627 278 1675 facilitate
288 1628 441 1683 tribuentium,
454 1627 554 1690 gratuito
565 1626 742 1684 concedebatur,
754 1627 794 1674 do-
822 1665 825 1674 .

120 1707 164 1740 nec
175 1690 287 1741 sententid
298 1692 426 1740 Dolabellae
436 1692 501 1740 velut
511 1691 690 1739 venundaretur.

120 1789 251 1842 110801·
284 1755 794 1872 0035Xtit·„i³‘tlu,¹ti⁹uff

127 1855 233 1906 J‘C'48'
283 1837 620 1950 retur,'primoreaqueplialli212,
632 1902 687 1948 quae
696 1837 795 1936 Coaffim

117 1955 249 2018 appellatur,
269 1954 356 2008 foedera
373 1961 397 2001 et
416 1954 531 2000 civitatem
553 1952 686 1999 Romanam
704 1952 793 2014 pridem

119 2022 223 2076 a'aaecuti,
239 2023 279 2084 jus
294 2019 489 2083 adipiscendorum
504 2020 528 2065 in
548 2017 613 2065 Urbe
624 2019 740 2064 honorum
752 2032 792 2064 ex·

118 2092 229 2150 peterent,
241 2086 332 2140 multus,
344 2083 372 2131 eia
383 2100 449 2146 super
460 2099 491 2139 re,
503 2084 626 2143 variusque
638 2098 724 2129 rumor.
759 2081 793 2129 Et

118 2152 198 2198 studiis
207 2152 301 2198 diversis
313 2152 371 2213 apud
381 2151 505 2212 principem
514 2149 647 2202 certabatur,
658 2161 793 2195 asseveran-

119 2218 183 2272 tium,
197 2233 242 2263 non
254 2217 310 2264 adeo
323 2230 408 2279 aegram
420 2214 517 2270 Italiam,
530 2222 556 2260 ut
568 2221 673 2260 senatum
686 2212 793 2276 suppedi-

118 2289 167 2328 tare
177 2281 234 2329 Urbi
242 2298 289 2329 suae
298 2283 413 2343 nequiret:
424 2280 539 2326 suffecisse
546 2279 599 2325 oIIm
610 2280 793 2340 indigenucou·

119 2349 249 2408 sanguineis
260 2349 356 2410 populis,
368 2362 412 2393 nec
421 2345 533 2408 poenitere
543 2345 628 2391 veteris
645 2346 701 2406 reip.
730 2343 794 2398 Quin

118 2413 191 2459 adhuc
203 2413 322 2459 memorari
334 2412 443 2474 exempla,
451 2427 503 2471 quae
510 2411 589 2473 priscis
597 2410 700 2455 moribus
707 2409 737 2456 ad
746 2409 793 2455 vir·

119 2484 192 2523 tutem
208 2486 231 2525 et
247 2480 344 2540 gloriam
356 2478 462 2524 Romana
479 2477 567 2522 indoles
585 2475 718 2537 prodiderit.
754 2473 793 2520 Au

110 2560 203 2610 parum,
225 2545 287 2609 quod
304 2543 392 2592 Veneti
410 2550 434 2590 et
444 2541 552 2588 Insubres
563 2542 648 2587 curiam
661 2539 793 2602 irruperint,
809 2582 813 2587 .

104 2614 155 2664 nisi
167 2624 246 2666 coetus
257 2613 453 2682 alienigenarum,
461 2610 528 2657 uelut
538 2603 793 2668 captxmtaa,tuleratmt

96 2699 173 2749 ‘luem
188 2688 254 2741 ultra
270 2688 397 2740 honorem
416 2676 519 2733 rendum
536 2672 659 2724 nobilium,
675 2669 752 2712 nutat
764 2665 816 2722 opta
