1680 2910
69 104 118 149 284
260 94 552 146 SUPPLEMRNTUM
618 96 683 140 tac.
692 102 736 149 τρε.

67 232 117 294 Jam
131 228 236 283 edictum,
252 233 279 274 ut
290 243 375 283 omnes,
392 229 431 289 qui
446 227 562 275 'liberium
576 227 692 275 haeredem
702 228 740 275 de-

71 293 200 348 sanassent,
217 294 318 340 morituri
336 295 396 340 bona
415 291 472 342 Caio
488 295 607 355 legarant:
634 293 740 348 additum,

74 366 209 406 testamenta
219 359 393 420 primipilarium,
411 359 449 419 qui
459 374 473 404 a
485 357 618 405 Germanici
629 358 741 420 triumpho

75 424 137 471 adid
150 423 258 484 temporis
272 424 394 485 principem
411 423 523 470 baeredem
538 432 585 470 nort
594 422 743 483 reliquissent,

75 496 102 534 nt
112 488 207 549 ingrata,
225 488 328 534 rescindi.
362 488 444 535 Acrius
459 489 564 534 saevitum
580 487 604 533 in
622 488 741 549 mancipes,

75 559 213 613 caeterosque
231 553 318 598 viarum
336 560 456 606 curatores,
479 567 542 613 quos,
560 553 627 612 quasi
646 553 743 615 publicas

74 618 181 680 pecunias
196 619 221 663 in
238 633 292 663 usus
308 633 361 664 suos
379 618 538 678 corrupissent,
555 617 655 664 fortunis
666 624 742 664 extur-

76 683 138 728 bavit
152 680 197 730 Cn.
206 681 324 728 Domitius
336 679 441 737 Corbulo,
459 682 538 728 iisdem
554 682 742 738 damnationibus,

79 747 194 808 superiore
204 746 335 808 principatu,
352 745 479 793 infamatus.

110 809 193 874 [Haud
211 811 291 873 puduit
309 812 381 872 ipsum
400 811 529 873 principem,
546 816 655 859 revocato
672 812 744 858 veteri

77 891 141 922 more
163 884 188 922 ut
210 877 255 922 duo
275 884 384 938 praetores
405 876 536 937 gladiatoria
558 890 655 922 munera
676 876 743 923 sorti·

78 949 162 996 rentur,
178 941 244 988 ludos
250 941 344 986 licitari:
364 941 498 1003 gladiatores
511 938 664 1003 (factricuivis
674 938 745 1003 copti,

78 1006 160 1068 plures,
177 1021 243 1067 quarn
254 1021 295 1066 per
307 1006 370 1067 leges
381 1004 414 1051 ias
425 1012 479 1058 erat,
496 1001 596 1064 emendi)
608 1005 753 1062 consulibus

80 1070 219 1133 praetoribus,
236 1071 350 1116 ditissimis
366 1071 496 1130 quibusque,
512 1069 642 1116 volentibus
656 1076 696 1116 aut
711 1071 746 1117 in·

80 1136 140 1190 vitis,
157 1135 263 1189 vendidit,
280 1135 351 1197 pretia
364 1149 435 1195 usque
451 1150 479 1180 eo
493 1134 626 1191 extendens,
644 1141 671 1180 ut
687 1149 747 1181 non·

82 1201 137 1247 nulli
149 1215 224 1246 emere
234 1200 313 1254 coacti,
330 1207 353 1245 et
363 1201 427 1246 bonis
438 1199 506 1253 exuti,
523 1213 593 1246 venas
608 1199 651 1244 sibi
662 1199 747 1246 incide·

82 1273 146 1311 rent:
157 1264 309 1310 fraudulenter
316 1265 384 1310 etiam
395 1264 510 1325 irrepebat,
522 1264 555 1309 uti
566 1270 710 1325 compertum
721 1265 749 1311 de

83 1329 175 1391 Aponio
187 1329 314 1382 Saturnino,
331 1344 398 1389 quem
416 1343 467 1374 cum
483 1326 552 1376 Caius
568 1329 628 1374 iuter
644 1328 750 1375 subsellia

82 1395 239 1440 dormitantem
251 1394 349 1449 vidisset,
366 1408 493 1454 praeconenr
504 1393 599 1447 monuit,
617 1407 647 1439 ne
662 1400 747 1454 praeto-

82 1461 140 1505 rium
151 1460 225 1505 virum
236 1459 313 1504 crebro
324 1459 403 1520 capitis
409 1466 472 1505 motu
480 1464 597 1504 nutantem
604 1458 646 1503 sibi
654 1465 749 1518 praeter·

84 1524 133 1570 iret.
166 1523 217 1569 Nec
234 1523 314 1568 licendi
333 1523 384 1569 finis
394 1523 473 1577 factus,
491 1523 564 1582 quoad
575 1523 682 1568 tredecim
698 1523 749 1585 gla-

85 1589 181 1634 diatores
193 1588 319 1634 sestertium
331 1589 439 1649 nonagies
453 1589 493 1633 vix
506 1588 629 1648 expergito,
647 1595 671 1632 et
681 1587 749 1649 igno·

85 1653 149 1705 ranti,
166 1653 327 1699 addicerentur.
359 1652 468 1699 Nondum
480 1652 594 1712 rapacitati
610 1652 679 1698 satis:
699 1652 750 1714 glu-

85 1717 189 1770 diatores,
206 1732 282 1776 equos,
300 1717 428 1778 agitatores,
444 1717 547 1765 venditos
560 1730 651 1762 veneno
668 1730 749 1764 eneca-

85 1782 128 1835 bat,
147 1787 172 1826 ut
183 1782 237 1828 alios
249 1783 351 1828 emtitare
361 1789 461 1843 cogeret.

121 1843 202 1908 [Hanc
213 1862 301 1907 qnoque
311 1847 407 1893 luxuriae
418 1847 531 1893 vesaniam
538 1845 648 1901 laudibus,
666 1846 752 1901 studiis,

87 1926 113 1958 ac
124 1913 221 1972 praemiis
229 1912 374 1968 incendebat3
391 1912 438 1974 ipse
450 1911 551 1958 Prasinae
565 1909 658 1956 factioni
669 1911 702 1957 its
712 1912 753 1957 ad-

87 1976 166 2031 dictus,
175 1983 200 2022 ut
210 1977 233 2022 in
245 1977 293 2038 ejus
302 1976 388 2022 stabulo
396 1976 484 2023 assidue
495 1982 602 2028 coenaret,
613 1983 636 2021 et
647 1976 754 2038 agitatori

88 2040 196 2101 Eutycho
215 2041 372 2087 comissatione
384 2038 480 2100 quidam
491 2042 514 2086 in
525 2041 669 2100 apophoretis
683 2041 754 2087 vicies

88 2105 216 2152 sestertium
225 2104 343 2151 conferret.
368 2102 428 2153 Cum
440 2121 493 2151 vero
504 2106 526 2150 in
535 2105 626 2150 libidine
636 2120 753 2165 nunquam

88 2171 117 2215 sit
128 2170 214 2223 modus,
232 2185 313 2230 equum
325 2185 397 2223 suum,
414 2185 480 2230 quem
490 2169 610 2215 Incitatum
622 2169 754 2231 appellabat,

87 2234 189 2280 civilibus
206 2235 326 2280 honoribus
343 2235 431 2280 extulit.
463 2234 552 2280 Praeter
566 2235 639 2294 equile
655 2249 753 2281 marmo-

89 2314 160 2354 reum,
170 2305 193 2345 ct
204 2314 303 2360 praesepe
315 2300 442 2354 eburneum,
455 2313 608 2361 purpureaque
619 2300 753 2360 tegimenta,

88 2378 115 2409 ac
133 2364 217 2409 monile
228 2379 240 2409 e
251 2364 353 2424 gemmis,
370 2365 462 2410 domum
480 2380 569 2424 quoque
579 2371 602 2409 ct
612 2362 721 2410 familiam
732 2371 755 2410 et

90 2428 249 2490 supellectilem
261 2428 327 2481 dedit,
345 2444 389 2488 quo
400 2429 482 2476 lautius
497 2430 587 2475 nomine
602 2429 651 2490 ejus
665 2428 754 2475 inuitati

86 2493 252 2558 exciperentur.
286 2492 430 2555 Quandoque
440 2494 509 2540 etiam
518 2508 572 2538 eum
580 2493 706 2538 edessanam
713 2509 754 2539 uo·

72 2561 157 2621 ,sabat
175 2564 282 2611 inaurato
290 2561 381 2608 hordeo
392 2559 507 2622 apposito,
519 2557 622 2610 uinoque
629 2554 720 2622 pecudis
728 2568 769 2596 au-

104 2630 111 2643 ’
134 2633 293 2685 ministrato:
315 2643 358 2694 pet
371 2623 539 2693 e'qussoluism
551 2613 793 2668 stammana,

287 2872 355 2885 -ἒ-
374 2862 418 2875 ae‘*
