1680 2910
67 148 89 186 J.
99 146 125 185 c.
137 151 168 186 38.
236 143 288 190 Lna.
297 141 356 190 VII.
373 141 571 191 ANNALIUM.
685 150 732 193 229

67 273 155 322 Nullus
170 275 320 338 cognoscendi
339 265 409 321 ordo.
433 274 542 322 Damnati
561 282 585 322 et
603 274 732 330 indemnati,

68 341 188 402 publicatis
201 341 273 394 bonis,
286 339 352 386 simili
363 355 416 386 casu
427 341 539 400 prostrati.
573 339 684 402 Principis
695 355 738 387 ra·-

66 406 172 469 pacitate,
181 412 204 452 et
211 405 348 452 delationum
356 405 488 465 impunitate
499 420 525 451 ac
532 405 637 467 praemiis,
646 406 731 453 excita·

65 473 134 520 batur
143 470 310 518 accusationum
320 470 417 516 licentia.

102 533 196 599 [Ferale
212 535 296 582 malum
315 535 375 581 haud
393 535 511 596 mitigavit,
533 534 636 582 accendit
656 537 730 598 magia

68 600 181 648 Drusillae
199 601 279 654 obitus,
297 614 363 660 quam
384 600 487 661 princeps
509 613 538 646 ex
557 600 669 646 sororibus
684 601 731 647 auis

67 666 169 712 maxime
182 665 301 727 deperibat
335 662 415 712 Cassio
433 663 540 726 Longino
559 665 614 711 olim
631 665 728 712 colloca·

67 738 122 786 tam,
135 730 215 777 deinde
234 729 271 775 M.
287 727 374 790 Lepido
384 736 483 790 nuptam,
494 729 632 786 abduxerat;
649 744 728 777 ausus·

67 811 112 857 que
122 803 251 842 exterorum
262 809 341 856 regum
353 794 456 855 exemplo
463 797 488 841 in
497 795 588 841 modum
602 795 678 841 uxoris
690 809 728 842 ac·

66 860 265 922 ciperebaeredem
273 860 382 905 bonorum
391 859 490 905 omniurn
499 866 566 919 atque
573 860 660 921 imperii
666 875 729 922 aeger

66 926 200 972 instituerat.
236 923 354 971 Mortuum
374 938 459 971 vesano
480 938 577 970 moerore
596 932 728 985 prosecutus

60 992 177 1056 justitium
188 990 284 1051 quidem,
303 988 414 1048 funusque
423 988 537 1050 publicum
551 989 634 1035 edixit:
654 996 677 1035 at
687 987 726 1037 el·

65 1059 118 1105 dem
130 1057 153 1102 in
168 1056 237 1110 luctu,
255 1069 281 1101 ac
294 1055 319 1100 in
329 1054 428 1110 libidine,
445 1053 513 1098 animi
528 1054 666 1114 intemperie,
684 1070 727 1102 nec

64 1122 179 1183 exsequiis
189 1119 297 1173 interluit,
309 1134 350 1165 nec
357 1119 419 1180 justa
430 1119 500 1164 sorori
511 1119 633 1179 percoluit:
653 1119 724 1180 pudo·

63 1189 96 1234 ris
107 1187 140 1234 ita
157 1186 246 1240 oblitus,
267 1191 297 1238 ut,
316 1184 368 1230 dum
385 1182 454 1229 Urbis
471 1183 561 1245 planctu
579 1184 726 1244 omnibusque

62 1252 162 1300 tristitiae
179 1244 488 1304 imitamentis'fun’erabatur,
505 1263 519 1294 a
530 1247 566 1295 M.
578 1247 665 1311 Lepido
676 1249 724 1296 lau-

63 1319 123 1372 date,
142 1317 190 1378 ipae
200 1317 223 1361 in
236 1312 324 1361 Albano
341 1328 382 1359 suo
401 1314 497 1369 tesseris,
514 1328 540 1360 ac
556 1312 612 1368 loro,
632 1313 726 1374 aliisque

61 1383 124 1430 idem
135 1380 232 1428 levitatis
243 1378 430 1441 occupationibus,
448 1378 553 1426 indecora
569 1384 668 1442 captaret
685 1394 723 1439 soff

60 1448 123 1497 latia.

96 1511 170 1576 [Mox
181 1511 263 1558 doloris
277 1509 401 1571 impatiens,
417 1517 443 1570 et
450 1511 484 1556 ab·
493 1509 608 1556 hominum
619 1510 726 1558 convictu

61 1578 179 1642 profugus,
189 1573 257 1622 barbi
271 1575 394 1636 capilloque
405 1575 522 1636 promisso,
540 1573 613 1621 Italiae
623 1590 650 1621 ac
665 1575 724 1622 stei-

60 1645 101 1691 liae
112 1657 163 1690 oras
174 1640 310 1687 errabundus
324 1640 470 1700 permetitur:
489 1647 575 1686 mutato
586 1639 637 1686 dein
648 1641 723 1688 conai-

60 1710 101 1764 lio,
117 1706 235 1768 Syracusis
245 1719 338 1766 propere
349 1702 448 1750 Romam
459 1704 522 1758 redit,
536 1711 610 1751 certus
627 1720 673 1752 non
688 1705 723 1754 lu·

61 1773 168 1837 gendam,
181 1771 219 1817 sed
230 1769 346 1816 colendam
357 1783 464 1815 sororem.
487 1767 602 1830 Quidquid
612 1770 732 1818 bonorum·

62 1845 155 1886 senatus
172 1834 247 1882 Liviae
258 1835 370 1889 tribuerat,
390 1834 465 1879 statim
480 1832 590 1883 Drusillae
601 1834 722 1895 collatum

60 1908 216 1961 statutumque
234 1907 259 1946 ut
278 1899 381 1945 caelestes
395 1899 516 1959 religiones
533 1899 636 1945 haberet:
655 1915 724 1948 aurea

60 1970 110 2030 ejus
121 1967 208 2028 effigies
223 1973 344 2027 poneretur
359 1964 382 2009 in
393 1961 470 2020 curii3
487 1963 557 2010 altera
566 1962 625 2010 foret
639 1965 662 2010 in
674 1967 723 2013 aeds

61 2032 168 2084 Veneris,
187 2031 302 2091 majestate
312 2044 338 2074 ac
357 2027 419 2074 cultu
436 2028 495 2074 baud
511 2029 594 2091 impar:
614 2030 722 2091 templum

60 2112 151 2161 quoque
162 2096 203 2158 ipsi
215 2096 340 2140 dicaretur:
360 2099 444 2139 statuas
452 2093 557 2140 mulieres
568 2109 632 2155 aeque
642 2110 668 2140 ac
681 2096 722 2142 viri

60 2166 234 2212 consecrarent:
262 2173 302 2219 per
324 2159 372 2221 ejus
392 2173 475 2204 nomen
488 2159 592 2221 J‘urarent
612 2158 719 2207 feminee:

59 2231 152 2288 diesque
162 2225 242 2271 natalis
253 2224 318 2277 ludis,
334 2223 486 2284 Megalesillm
497 2223 611 2278 similibus,
630 2224 721 2271 seuatssa

57 2302 82 2341 et
92 2291 193 2352 equitum
205 2289 272 2350 epulo
283 2288 436 2334 celebraretur.

93 2356 153 2421 [Per
173 2354 259 2400 Urbem
282 2368 308 2399 ac
325 2353 452 2414 provincias
469 2353 594 2415 percrebuit
610 2352 722 2402 Drusillae

57 2427 139 2471 honos.
172 2418 224 2465 Nec
234 2418 313 2480 puduit
325 2417 417 2470 Livium
429 2418 567 2485 Geminiqm,
586 2426 720 2475 senatorem,

56 2483 156 2538 maximia
166 2484 331 2531 asseveratione
346 2482 371 2528 in
386 2490 467 2532 senatu
479 2485 557 2545 jurare
571 2498 597 2530 se
611 2499 661 2530 eam
673 2498 721 2531 coe·

56 2556 104 2601 lum
116 2550 288 2598 adscendentem
300 2548 389 2594 vidisse.
422 2547 490 2594 Licet
500 2549 577 2595 ceteri
587 2549 725 2595 deliramen-

55 2629 109 2666 tum,
122 2615 305 2660 adulationemve
315 2613 446 2674 irriderent,
459 2615 538 2663 decies
548 2613 689 2662 sestertium
696 2610 749 2656 bo·

43 2684 113 2726 natus
120 2687 162 2733 est,
171 2680 225 2743 pari
232 2680 348 2747 principis
357 2683 516 2734 acsenatons
527 2679 668 2748 opprobio·
683 2667 805 2742 W

69 2755 119 2787 1²01.
132 2757 149 2787 1.
498 2765 522 2798 χ
