1680 2910
114 207 161 252 186
227 195 422 246 ANNALIUM
433 195 486 243 Lra
495 193 632 245 nerea
667 199 784 247 meana.

120 331 186 379 Illam
197 345 211 378 a
221 328 313 376 'liberio
323 329 464 376 interemtam
482 329 572 389 quidam
590 326 718 390 prodidere,
735 330 782 377 nul·

119 398 168 444 lum
178 395 206 441 ab
222 394 304 440 immiti
319 394 420 455 principe
433 393 560 441 clementiae
575 394 668 456 signum
686 409 783 456 unquam

118 461 205 509 editum
215 459 307 520 opinati.
629 500 632 505 .

153 521 267 588 [Demum
278 525 302 570 in
318 522 394 584 Sejani
410 523 508 570 asmclas
525 530 574 570 tota
590 523 694 570 incubuit
710 524 785 586 legum

120 590 236 638 reveritae.
268 586 373 649 Correpti
380 595 491 648 quotquot
500 589 549 650 eJus
559 588 637 635 lavore
646 598 670 635 et
681 590 787 637 societate

122 654 233 708 celebrati,
251 654 294 700 nisi
305 653 347 714 ipsi
366 652 491 700 delatorum
509 654 602 701 nomine
619 661 644 700 et
663 655 785 703 accuntic'-

123 734 178 767 num
200 719 318 765 atrocitate
338 718 493 778 impunitatem
515 726 685 766 mercarentur:
708 719 734 767 in
751 720 787 781 jur

119 785 191 833 mam
204 783 298 837 retracti,
317 782 370 829 olim
383 784 487 837 accusati,
499 790 522 829 et
532 784 581 844 ejus
591 782 667 845 gralli
677 782 784 831 absoluti:

125 856 246 904 macres,
261 849 357 908 equites,
375 847 440 894 virile
457 863 484 893 ac
494 848 603 895 muliebre
613 863 687 901 secus,
706 849 731 895 in
741 864 787 895 car·

125 929 200 961 cerem
211 913 319 969 contrusi,
334 919 373 959 aut
383 913 442 974 apud
452 914 597 974 magistratus
607 914 708 961 rudesve
718 928 787 960 aner»

124 980 187 1027 vati:
201 978 297 1040 plurimi,
309 992 338 1023 ne
347 977 512 1039 publicarentur
518 978 584 1032 bona,
596 985 620 1025 et
629 978 709 1025 infami
717 985 788 1025 morte

125 1045 332 1096 dehonestarentur,
349 1043 390 1088 sibi
407 1057 487 1089 manus
502 1040 613 1089 intulbre:
632 1043 711 1090 creteri
727 1042 787 1090 darni·

125 1109 179 1164 nati,
191 1115 215 1156 et
226 1108 334 1170 supplicio
348 1105 437 1155 affecti:
457 1107 559 1156 nonnulli
574 1106 729 1155 defensionem
741 1123 788 1157 ma·

123 1175 197 1237 cipere
208 1171 274 1237 anri]

159 1301 205 1350 VI.
223 1305 253 1334 ⁹⁹
267 1302 371 1358 Quatuor
381 1311 405 1351 et
415 1300 791 1367 qnadragintaorationca'rupcrcl

129 1384 154 1416 re
163 1369 252 1423 habitae,
265 1383 294 1414 ex
304 1364 355 1428 quis
366 1369 395 1414 ob
405 1375 490 1415 metum
501 1383 586 1430 paucae,
604 1368 680 1430 plures
690 1376 791 1416 assuetu-

130 1435 189 1488 dine,
209 1433 239 1462 *⁹
258 1432 333 1477 “mihi
344 1433 452 1493 pudorem
464 1439 503 1478 aut
515 1433 596 1495 Sejano
612 1433 721 1481 invidiam
738 1434 791 1481 alla·

129 1507 205 1546 turum
224 1497 308 1544 censui.
349 1498 363 1526 *
382 1499 396 1526 *
415 1499 450 1526 *·
473 1513 539 1544 versa
555 1506 590 1545 est
606 1497 705 1555 fortuna,
723 1498 794 1546 etille

129 1562 226 1624 quidem,
238 1562 276 1622 qui
288 1561 399 1623 collegam
408 1568 431 1608 et
441 1577 550 1624 generum
561 1563 694 1619 adsciverat,
706 1563 747 1610 cibi
758 1564 793 1626 ig-

130 1627 218 1674 noscit:
238 1627 320 1680 canteri,
332 1642 399 1688 quem
410 1642 450 1688 per
461 1627 570 1673 dedecora
579 1625 666 1684 fovere,
678 1643 731 1675 oum
744 1643 793 1675 sce·

129 1692 176 1738 lere
187 1691 331 1737 insectantur.
350 1693 380 1723 ⁸*
397 1693 500 1738 miserius
511 1692 547 1744 ait,
557 1692 585 1738 ob
595 1693 716 1740 amicitiem
728 1707 795 1741 accu-

130 1755 180 1807 sari,
193 1770 222 1801 nn
233 1757 329 1802 amicum
340 1771 451 1812 accusare,
464 1757 522 1803 haud
532 1757 684 1804 discreverim.
701 1759 731 1791 ⁸⁸
750 1773 795 1805 non

131 1820 292 1874 crudelitatem,
309 1836 355 1868 non
374 1821 515 1868 clementiam
532 1822 662 1883 cujusquam
678 1823 795 1885 experiar3

132 1885 172 1931 sed
187 1883 249 1938 liber,
268 1892 292 1931 et
310 1887 364 1931 mihi
382 1887 424 1947 ipsi
443 1887 555 1948 probatus,
572 1888 648 1934 aritibo
664 1888 797 1948 periculum.

131 1949 182 1996 Vos
202 1951 306 2005 obtestor,
327 1966 355 1996 ne
372 1953 503 1998 memoriam
523 1952 593 1996 nostri
612 1967 653 2013 per
667 1967 795 2009 moerorem,

130 2031 200 2077 quam
212 2016 265 2069 laeti,
284 2016 403 2069 retineatis,
423 2016 546 2077 adjiciendo
559 2030 597 2062 me
607 2032 697 2077 qnoque
707 2018 742 2073 iis,
759 2018 797 2080 qui

132 2080 178 2128 line
189 2081 282 2144 egregio
293 2081 380 2142 publica
390 2082 449 2126 mala
459 2078 612 2142 effugerunt.”

167 2144 227 2192 vll.
244 2145 311 2192 Tunc
328 2147 436 2207 singulos,
451 2153 476 2191 ut
487 2147 568 2206 cuique
578 2146 689 2201 asmstere,
706 2148 796 2209 alloqui,

134 2213 222 2258 animus
236 2219 290 2265 erat,
307 2211 405 2257 retinens
415 2218 454 2257 aut
465 2211 585 2265 dimittens,
603 2219 691 2272 partem
703 2213 748 2260 diei
760 2214 798 2260 ab·

135 2278 231 2333 sumsit3
243 2276 358 2335 multoque
368 2277 440 2321 adhuc
451 2282 519 2329 coetu,
530 2283 554 2321 et
565 2277 652 2322 cunetis
662 2277 798 2340 intrepidum

133 2343 222 2388 vultum
234 2343 281 2402 ejus
293 2342 448 2400 spectantibus,
460 2356 511 2388 cum
523 2356 638 2402 superesse
650 2348 740 2404 tempus
757 2360 800 2390 nc·

135 2407 233 2453 cissimis
248 2405 371 2459 crederent,
382 2406 464 2466 gladio,
482 2420 549 2465 quem
566 2407 616 2452 sinu
626 2407 748 2463 abdiderat,
764 2410 800 2455 in·

134 2472 219 2519 cubuit.
253 2470 334 2531 Neque
354 2469 432 2518 Caesar
450 2470 501 2516 ullis
518 2471 647 2516 criminibus
663 2479 704 2517 aut
714 2474 801 2534 probris

135 2540 265 2588 defunctum
277 2537 398 2583 insectatus
409 2542 450 2590 est,
462 2551 513 2582 curn
524 2537 547 2581 in
558 2535 661 2582 Blaesum
673 2537 745 2585 multa
756 2537 801 2585 foe·

130 2608 206 2671 daque
217 2602 376 2654 incusavisset.

164 2673 241 2725 VIII.
260 2671 376 2723 Relatum
385 2668 442 2716 inde
460 2667 492 2713 de
504 2661 643 2712 {Vitellio
656 2659 821 2716 eructamus

118 2744 256 2799 Secundo:
275 2741 350 2795 illurn
367 2735 464 2788 indices
480 2728 621 2793 arguebant,
637 2721 741 2766 mustra
756 2717 833 2760 arara
