1680 2910
49 118 71 156 J.
81 118 106 156 c.
116 119 149 155 41.
213 111 265 159 Lm.
276 109 349 160 VIII.
366 110 566 159 ANNALIUM.
671 118 720 162 259

54 260 124 306 quem
133 244 168 291 ubi
177 244 239 299 vidit,
251 245 367 299 miserans,
376 243 525 306 Pompedium
532 244 633 299 absolvit,
647 243 724 298 Quin·

53 311 133 364 tiliam.
151 309 176 356 in
193 309 277 356 doloris
291 310 402 365 levamen,
418 310 551 370 amissaeque
567 310 648 356 forme
663 310 725 357 sola·

53 376 121 430 tism,
130 372 227 437 pecunid
237 374 337 421 donavit.

89 436 136 504 [At
144 436 247 494 Cbaeree,
255 439 355 501 periculo
363 436 506 501 violentaque
513 439 644 486 crudehtate
650 446 724 495 atrox

56 504 113 567 Pap'
107 519 178 551 rmum
185 504 307 558 tribunum,
315 501 465 558 Clementem,
471 505 657 566 praetorianorum
680 519 724 551 rte-

54 570 149 623 sectum,
156 569 214 616 adit·
207 569 487 629 ,atqueinhuncmodum
495 568 651 629 alloquitur2⁸⁸
637 521 726 616 “ideo-

55 642 125 682 tenus
137 634 243 696 principis
254 634 368 680 securitati
379 634 543 681 insudavimus:
563 635 612 697 ejus
622 635 693 681 vitae'
687 648 723 680 ιιι-

57 700 176 747 sidistores
186 698 246 745 ferro
257 700 394 754 necavimus,
407 706 446 746 aut
457 699 576 745 tormentis
587 700 643 745 sdeo
653 698 725 746 incle-

57 771 147 812 menter
158 764 343 819 excrucisvimus,
357 770 384 809 ut
397 764 513 810 bominum
530 764 644 810 teterrimo
656 764 725 811 mise·

57 830 116 878 ratio
127 835 266 876 moveretur.
297 827 416 883 Haeccine,
427 829 506 875 haecne
515 835 563 875 tots
573 828 660 874 milities
671 843 725 875 nos·

58 901 101 942 trae
112 895 170 941 ratio
175 892 204 939 ?'’
224 893 323 940 Erubuit
333 891 446 946 Clemens,
456 893 521 940 vultu
532 900 640 952 quantum
652 893 725 940 domi·

58 960 157 1008 nationis
162 959 257 1022 puderet
262 959 381 1020 prodente·
394 965 417 1004 at
425 958 492 1012 siluit,
501 955 613 1018 neiuiqud
620 956 727 1020 principis

58 1025 208 1072 insectatione
219 1024 312 1071 exitium
324 1024 365 1070 sibi
376 1030 494 1083 quaereret.

92 1087 220 1153 [Audacior
237 1087 339 1143 Chaerea,
356 1096 461 1149 ratusque
479 1088 539 1135 vinci
558 1086 647 1134 facilem
666 1102 724 1143 esse,

59 1170 99 1216 qur
92 1154 257 1208 'erubesceret
268 1154 369 1215 queritur
376 1153 556 1200 sebrudelissimi
564 1150 670 1214 principIs
678 1167 725 1200 non

58 1219 170 1268 satellites
185 1226 279 1275 tantum,
297 1219 337 1265 sed
352 1219 437 1265 amicos
452 1233 513 1265 esse.
537 1217 644 1265 adversus
659 1217 728 1264 liber·

59 1291 131 1332 tatem
142 1292 165 1331 et
178 1284 272 1346 patriam
283 1289 388 1338 armatos,
404 1283 487 1330 civium
502 1282 613 1344 sanguine
626 1282 727 1359 quotidie

59 1349 152 1397 foedari:
175 1365 216 1396 nec
232 1346 296 1396 tanti
311 1344 403 1394 infamia
419 1363 482 1395 susm
497 1348 569 1395 adbuc
583 1347 727 1394 securitatem

59 1415 120 1476 spud
135 1415 273 1477 suspicacem
288 1420 311 1460 et
326 1411 424 1460 bumana
438 1413 500 1460 caede
515 1413 592 1469 laetum
600 1412 726 1488 principem

60 1480 148 1527 redimi.
180 1478 317 1526 Audendum
327 1478 431 1526 tandem:
451 1493 499 1526 suae
512 1489 536 1525 et
547 1478 648 1525 omnium
660 1477 728 1524 saluti

61 1544 231 1592 consulendum.

95 1605 226 1672 [Cbaeresm
236 1610 314 1656 laudat
325 1608 439 1663 Clemens,
451 1609 491 1656 sed
499 1609 612 1656 silentium
621 1615 644 1656 et
652 1621 728 1655 morus

61 1673 152 1722 suadet:
174 1674 281 1728 additae,
298 1676 327 1720 ob
341 1676 535 1736 ingravescentem
551 1680 641 1721 aetetem
657 1679 737 1720 tantae'

61 1739 94 1786 rei
104 1739 221 1801 imparem,
233 1740 315 1787 tutiora
325 1739 384 1785 forte
394 1747 548 1801 reperturum3
564 1739 677 1786 neminem
685 1739 728 1785 ho-

61 1803 162 1851 nestiora
172 1805 291 1851 dicturum.
323 1803 388 1850 DeIn
399 1801 528 1860 discessere,
544 1804 567 1850 in
578 1804 652 1850 vanas
663 1803 728 1864 cogi·

61 1870 160 1916 tationes
176 1869 283 1916 distracti.
320 1866 427 1917 Clemens
443 1869 519 1916 audita
533 1869 637 1928 dictaque
652 1869 728 1914 animo

60 1934 175 1984 volvebat.
208 1932 309 1989 Chaerea,
320 1933 365 1980 fide
375 1933 476 1996 praefecti
487 1934 546 1980 hand
557 1934 612 1980 satis
621 1947 729 1995 prospere

61 1997 154 2054 tentatd,
171 2000 245 2062 magis
260 2014 368 2061 preceps,
387 1998 458 2047 Com.
472 1999 586 2053 Sabinum,
606 1998 728 2053 tribunum,

61 2064 166 2110 Annium
174 2063 339 2119 Minucianum,
350 2065 374 2110 in
386 2063 451 2110 Urbe
460 2064 569 2125 dignitate
576 2062 729 2139 praestantem,

61 2127 86 2175 in
96 2136 173 2189 portes
184 2129 265 2175 trahit.
285 2129 389 2190 adjungit
399 2137 520 2206 senatpres,
535 2129 628 2188 equites,
639 2127 730 2173 milites.

63 2192 169 2240 Accessit
178 2209 268 2255 quoque
276 2192 391 2249 Callistus,
402 2191 600 2256 principisfsvore,
612 2198 635 2240 et
642 2192 729 2253 opibus,

61 2257 193 2304 libertorum
215 2260 358 2321 praecipuus.
385 2259 414 2305 nd
435 2260 521 2306 scelere
541 2265 605 2305 tanto
626 2255 730 2320 paratior,

62 2330 148 2382 quanto
164 2322 262 2370 fortunae
277 2324 410 2371 insolentior
425 2331 449 2371 et
464 2321 615 2371 evidiot.1s
616 2319 731 2398 perfidiae

63 2387 162 2435 dedecus
174 2388 262 2437 velabat
275 2387 345 2436 salsi
339 2396 450 2436 incertum
461 2404 490 2436 ιιι
501 2389 548 2436 veri
559 2387 659 2434 criminis
669 2392 730 2433 atro·

63 2451 138 2509 nitate,
150 2453 236 2501 scilicet
247 2453 330 2502 Caium
338 2454 394 2501 sibi
388 2469 515 2517 imperasse,
527 2461 553 2501 ut
562 2451 682 2502 Claudium
690 2465 730 2499 ve·

63 2518 369 2660 nefI'siitldeddirjuratorum
375 2546 825 2718 mutarumneaugcsoems‘

48 2642 101 2690 ‘¹⁶¹¹'
110 2647 189 2709 ‘fflmi
200 2651 242 2702 ⁸td
250 2655 442 2710 retardabantur
452 2653 568 2708 cons'rba.
586 2645 709 2703 QUI*
