1680 2910
66 137 114 184 194
146 128 581 183 ANNALIUMhaVLcn.1u
616 132 733 181 imm·

65 265 156 312 veritis:
176 264 245 311 etiarn
263 264 361 311 Satrium
380 270 449 325 atque
467 262 622 325 Pomponium
637 277 733 311 mera-

66 332 159 379 bemur:
173 328 258 379 libertis
269 344 359 390 quoque
369 328 537 392 aejrrnitoribus
547 329 598 391 ejus
609 335 733 383 notesoere,

66 410 108 457 pro
118 394 240 456 magnifico
251 395 405 456 accipiebatur.
439 393 502 448 Quid
512 392 588 455 ergo?
605 390 736 441 indistincta

67 461 118 508 bmc
129 459 229 509 &eurio
239 467 264 506 et
273 460 400 521 promiscua
409 458 513 506 dabitur?
530 458 681 521 immojustis
692 466 735 506 ten

69 526 137 571 minis
152 525 275 572 dividatur:
295 525 382 572 insidia
396 524 420 571 in
436 522 547 586 rempubl.
561 524 658 571 consilia
668 524 735 571 credis

68 591 188 639 adversum
200 590 370 652 imperatorem,
388 589 524 650 puniantur:
549 588 579 637 de
597 588 699 635 amicitid
715 596 737 636 et

70 654 156 710 officiis,
167 654 227 701 idern
238 653 290 701 finis
301 662 324 700 et
334 662 364 706 te,
373 652 458 708 Caesar,
469 661 493 701 et
503 669 546 701 nos
556 652 705 701 absolverit.”

103 717 150 765 IX.
167 717 302 767 Constantia
320 719 434 773 orationis,
453 726 483 774 et,
500 719 554 780 quia
570 726 676 781 repertus
691 726 737 765 erat

71 784 109 844 qui
121 783 210 830 efferret
229 800 280 845 quse
296 798 375 830 omnes
393 784 469 830 auimo
484 784 607 845 agitabant,
627 800 657 830 eo
668 800 738 846 usque

71 846 172 911 potuere,
190 856 215 899 ut
224 856 367 895 accusatores
377 849 432 910 ejus,
449 848 536 904 additis,
553 864 606 909 quae
617 856 672 897 aute
682 850 736 897 deli·

73 921 174 973 querant,
185 914 264 961 exsilio
276 920 315 959 aut
325 921 398 960 morte
408 913 563 961 multarentur.
596 914 690 962 Qum
699 914 738 961 de·

74 979 127 1025 binc
143 977 226 1024 Tiberii
248 978 320 1025 literae
339 978 363 1025 in
383 978 436 1025 Sex.
448 977 577 1033 Vestilinm,
598 979 737 1041 praetorium,

74 1058 147 1104 quem,
153 1041 233 1091 Druso
238 1042 301 1090 fratri
309 1058 432 1104 percarum,
437 1043 460 1088 in
468 1044 583 1091 cobortem
592 1059 658 1091 suam
664 1052 737 1093 trans·

75 1107 165 1154 tulerat.
197 1105 274 1157 Causa
289 1107 419 1155 offensionis
433 1107 530 1155 Vestilio
545 1108 595 1164 fuit,
616 1124 657 1157 seu
676 1124 740 1156 com·

73 1179 179 1235 posuerat
195 1173 298 1234 quaedam
315 1174 339 1219 in
359 1171 387 1221 C.
405 1170 527 1228 Cererem,
549 1180 575 1220 ut
593 1175 739 1237 impudicum,

76 1239 124 1285 sive
135 1236 188 1284 ficto
198 1238 273 1285 habita
282 1236 350 1287 fides:
369 1244 437 1299 atque
448 1240 477 1285 ob
487 1239 509 1285 id
517 1240 624 1285 conuctu
634 1240 740 1302 principis

77 1304 207 1365 prohibitur,
218 1318 271 1350 cum
282 1303 346 1351 senili
357 1303 521 1352 manufestum
531 1306 671 1359 tentavisset,
683 1305 739 1351 obli·

76 1369 140 1430 gavit
149 1382 231 1424 venam
250 1374 400 1429 precatusque
414 1384 454 1430 per
468 1369 590 1423 codicillos,
606 1370 690 1416 immiti
705 1384 740 1416 re·

77 1434 167 1495 scripto,
189 1447 259 1479 venas
275 1433 374 1481 resolvit.
407 1434 537 1480 Aeematim
554 1448 584 1480 ex
603 1450 632 1481 eo
651 1434 742 1482 Annius

80 1497 163 1555 Pollio,
181 1496 270 1559 Appius
288 1498 384 1553 Silanus,
403 1499 488 1545 Scauro
502 1498 621 1545 Mamerco
632 1500 700 1547 simul
715 1514 742 1546 ao

80 1563 162 1610 Sabino
172 1560 279 1617 Calvisio,
287 1564 410 1624 majestatie
418 1564 565 1625 postulantur,
574 1570 597 1610 et
608 1563 742 1611 Vinicianus

79 1627 177 1673 Pollioni
197 1628 254 1688 patri
275 1628 424 1690 adjiciebatur,
442 1628 496 1674 clari
514 1644 594 1689 genus,
611 1630 742 1690 etquidem

79 1692 173 1738 summis
184 1692 318 1739 bonoribus:
339 1700 563 1754 contremuerantque
573 1701 665 1755 patres3
679 1696 742 1759 (narn

79 1763 163 1816 quotus
174 1757 268 1817 quisque
277 1758 390 1805 affinitatis
400 1766 439 1805 aut
450 1759 555 1805 amicitiae
569 1766 605 1806 tot
621 1759 742 1806 illustrium

79 1822 179 1869 virorum
197 1836 278 1883 expers
294 1822 372 1884 erati)
390 1823 414 1870 ni
429 1821 517 1878 Cebes,
537 1825 629 1871 urbanae
645 1825 746 1872 cohortis

80 1886 189 1940 tribunus,
211 1894 260 1933 tum
279 1887 337 1935 inter
352 1888 444 1944 indices,
461 1887 562 1950 Appium
577 1897 601 1936 et
618 1888 743 1938 Calvisium

81 1951 203 1999 discrimini
217 1954 344 2000 exemisset.
378 1951 457 2001 Caesar
471 1953 582 2001 Pollionis
593 1969 619 2001 ae
631 1954 745 2001 Viniciani

82 2017 205 2078 Scaurique
227 2033 324 2072 causam,
346 2025 372 2064 ut
389 2019 437 2080 ipse
459 2033 510 2065 cum
532 2026 613 2066 senatu
635 2028 746 2076 nosceret,

82 2082 175 2136 distulit,
187 2083 244 2131 datis
254 2083 385 2144 quibusdam
396 2084 420 2129 in
432 2082 542 2130 Seaumm
551 2084 652 2131 tristibus
663 2086 731 2132 notis.

116 2146 149 2193 X.
167 2147 205 2194 Ne
222 2147 314 2195 feminae
336 2148 426 2208 quidem
448 2156 550 2196 exsortes
568 2151 677 2212 periculis
703 2147 748 2210 qud

83 2213 219 2274 occupandae
230 2213 322 2274 reipubl.
337 2213 402 2275 argui
419 2229 465 2261 non
475 2221 584 2276 poterant,
597 2217 626 2261 ob
637 2215 749 2275 lacrymas

82 2277 255 2323 incusabantur:
269 2286 392 2339 necataque
398 2287 433 2326 est
441 2295 497 2326 anus
503 2279 573 2334 Vitia,
586 2278 645 2326 Fufii
656 2280 749 2327 Gemini

83 2349 160 2395 mater,
172 2342 232 2401 quod
244 2341 283 2387 lilii
293 2358 372 2390 necem
388 2343 494 2391 flevisset.
528 2344 589 2391 Haec
607 2346 666 2406 apud
683 2360 749 2392 sena·

86 2412 148 2450 turn:
169 2421 210 2452 uec
223 2422 287 2453 secus
298 2409 357 2470 apud
367 2409 490 2470 principem
502 2408 649 2456 Vescularius
658 2409 750 2456 Atticus

85 2484 111 2515 ae
122 2469 197 2517 Julius
209 2471 313 2519 Marinus
324 2474 353 2519 ad
363 2483 459 2520 mortem
476 2481 581 2537 aguntur.
599 2491 612 2520 e
623 2475 750 2521 vetustissi-

85 2534 129 2581 mis
139 2535 281 2583 familiarium
293 2537 400 2584 Ilbodum
412 2540 490 2594 secuti,
502 2547 525 2585 et
536 2540 595 2600 apud
604 2539 703 2601 Capreas
714 2541 750 2586 in-

81 2599 176 2651 dividui.
209 2601 360 2654 Vescularius
368 2604 506 2651 insidiarum
517 2604 547 2647 in
559 2603 676 2646 limosam
683 2606 758 2645 'suxer-
