1680 2910
73 144 121 189 teo
264 128 558 185 SUPPLEMENTUM
623 135 737 181 umas·

71 284 134 345 mum
151 267 249 314 Romam
260 272 387 320 venturum,
404 270 428 311 et
442 262 569 325 reipublicae
581 263 737 312 cornuorum

70 340 277 460 nuftll‘ffidentibus
289 394 328 440 sed
335 393 421 455 paucis,
433 389 552 439 suboluere
564 393 675 456 principis
683 408 736 440 eou-

72 462 135 510 silis:
155 468 249 506 caeteros
260 459 331 505 divisa
340 459 364 504 in
377 456 490 506 Caesarem
501 464 525 503 et
536 456 645 519 spanum
654 459 736 520 prinei·

72 526 138 590 patils
148 525 248 586 potentia
257 523 373 569 illudebat:
393 523 487 583 ipseque
496 521 600 583 SeJauQ
608 523 670 570 bons
679 524 736 570 inter

72 598 97 639 et
108 590 166 636 mala
176 590 228 635 lieet
242 589 366 650 ambiguus,
385 602 425 648 spe
435 586 600 641 dominationis,
612 585 657 648 qud
668 588 736 635 unu·

73 656 137 703 tiosis
148 656 171 700 in
182 654 308 715 pectoribus
319 651 373 699 nihil
380 651 485 704 tenacius,
493 650 667 712 prolectabaturt
684 650 736 701 ce·

73 735 116 775 sar,
134 727 159 766 ut
177 718 310 765 occultiores
327 731 405 763 sensus
423 716 514 762 taudem
530 715 670 772 extruderet,
686 731 736 764 mm

73 786 195 832 honoribus
206 784 288 845 pariter
306 790 329 828 et
347 780 489 827 aemulatione
499 780 646 841 aggreditur3
663 781 735 843 ipsum

73 851 134 897 enim
151 851 242 911 eJusque
259 845 328 892 filium
345 845 475 892 sacerdotiis
492 852 587 891 exornat
603 861 657 892 cum
675 844 737 900 Caio.

73 930 149 975 quern,
162 912 260 974 Capreas
271 912 373 964 accitum,
392 923 491 969 moxque
502 906 576 956 sumtd
585 908 648 972 togd.
667 918 694 957 ut
703 910 737 957 dr·

73 988 149 1026 turum
171 977 289 1029 haeredem,
310 974 415 1020 laudavit.
448 973 574 1029 AEmulum‚
595 974 739 1037 fortunaque

74 1050 217 1094 ostentatum,
228 1042 343 1102 juvenem,
355 1039 424 1085 nimia
439 1038 515 1100 populi
528 1039 553 1085 in
563 1039 738 1088 revirescentes!

75 1107 205 1155 Gennauici
224 1106 314 1151 domum
334 1103 406 1149 studia
424 1102 504 1150 inridit
523 1102 625 1166 manus.
659 1103 740 1153 Petra

73 1188 135 1226 vero,
148 1172 176 1217 ad
186 1169 285 1216 deforme
296 1169 425 1228 obsequium
437 1182 524 1228 semper
533 1169 636 1229 proJeeti,
648 1183 692 1216 nee
702 1184 738 1216 ar·

75 1239 131 1283 tium
147 1235 225 1288 callidi,
245 1233 404 1295 proconsulare
420 1231 537 1293 imperium
552 1232 585 1278 illi
600 1231 737 1292 decrevere3

73 1315 170 1360 eumque
188 1300 211 1343 in
222 1305 336 1359 posterum
347 1297 475 1342 consulibus
484 1297 599 1357 exemplar
609 1313 736 1361 proponen-

75 1366 128 1411 dum
140 1361 261 1409 censuere:
275 1362 381 1407 invidiam
393 1360 489 1406 mollivit
498 1366 564 1407 aucta
574 1361 681 1423 dignitas,
693 1378 740 1411 ser·

75 1430 171 1489 vilisque
187 1426 291 1473 oduario.
325 1425 371 1471 Sed
384 1439 439 1471 mox
456 1424 558 1470 timorem
577 1426 662 1475 addidit
675 1429 736 1491 prin·

75 1509 134 1556 ceps,
147 1507 197 1539 cum
211 1490 329 1551 Hispaniae
340 1491 476 1549 aliarumque
486 1491 651 1549 provinciarum
663 1500 736 1541 recto-

76 1575 118 1613 res,
137 1558 218 1619 Sejano
238 1554 344 1610 infensos,
368 1562 392 1601 et
412 1553 529 1600 criminum
546 1555 678 1618 postulatos,
700 1559 737 1606 ab·

74 1624 184 1672 solvisset.

108 1687 179 1750 [Turn
191 1687 299 1747 poenitere
310 1687 369 1747 quod
385 1686 408 1731 in
420 1685 545 1740 consulatu,
556 1683 698 1749 demissdque
714 1688 737 1736 iu

75 1752 205 1799 servitutem
222 1751 318 1806 civitate,
336 1751 390 1797 nihil
406 1749 549 1797 attentdsset:
569 1751 647 1799 dubias
661 1761 737 1800 tamen

74 1831 125 1877 spes
136 1815 250 1876 paululum
267 1814 384 1861 firmavere
397 1814 493 1862 Caesaris
504 1816 532 1860 ad
543 1816 648 1863 consules
659 1818 737 1873 literae,

74 1881 161 1940 quibus,
173 1879 282 1940 appellato
299 1881 387 1940 quidem
401 1880 488 1941 sejano,
496 1881 588 1926 minime
600 1887 676 1928 tamen
686 1881 742 1928 lau·'

74 1945 133 1998 dato,
147 1944 268 1998 Neronem,
281 1946 377 1991 atrocius
388 1945 526 2005 increpitum.
538 1945 737 2008 hostemJudieari,

75 2019 98 2056 et
118 2011 191 2056 necari
206 2010 288 2070 jussit:
309 2017 332 2054 at
348 2008 486 2054 inconsultos
503 2009 531 2055 ob
548 2009 633 2055 caedem
653 2012 739 2058 tadeu

74 2076 195 2135 expetitam
207 2075 291 2119 laetitiae
300 2088 378 2118 sensus
388 2073 450 2118 brevi
461 2074 599 2134 temperarit,
611 2082 635 2121 et
643 2081 741 2124 terrores

73 2140 170 2186 vividius
180 2138 281 2183 incussit.
315 2138 406 2182 Gnarus
423 2138 489 2190 enirn,
509 2137 627 2185 imminuti
644 2155 739 2187 venera·

75 2204 143 2255 tione,
158 2203 259 2247 imminui
272 2203 380 2253 homines,
397 2202 505 2262 dignitate
516 2217 582 2262 quam
594 2204 679 2251 virtute
689 2220 738 2251 ma·

69 2269 140 2329 jores,
156 2267 273 2326 imperavit
284 2274 308 2311 ut
322 2266 405 2310 nemini
423 2267 511 2311 mortali
522 2267 683 2315 sacrificaretur
691 2286 699 2327 ;
716 2269 740 2316 in

76 2331 164 2376 eaetcris
175 2331 241 2374 etiarn
252 2331 358 2390 principis
377 2331 497 2376 honoribus
512 2331 593 2377 modus
609 2332 683 2379 foret:
703 2335 739 2381 ni·

76 2395 150 2454 hiique
162 2396 213 2438 novi
226 2395 253 2438 de
263 2395 291 2439 iis
302 2394 426 2440 referretur.
461 2394 521 2441 Haec
532 2397 622 2455 quidem
633 2398 739 2459 obsequia

76 2460 192 2519 spernebat
204 2456 288 2513 Caesar,
306 2459 449 2519 principatus,
469 2475 535 2520 quam
551 2461 672 2522 religionis,
690 2471 738 2510 stu·

76 2525 172 2570 diosior:
191 2539 217 2569 ea
228 2539 282 2570 vero
293 2525 401 2569 ambiebat
414 2525 513 2586 Sejanus,
526 2526 560 2571 sui
572 2526 646 2572 cultor
657 2528 705 2589 ipse
715 2536 738 2574 et

74 2604 165 2644 numen,
178 2589 288 2653 religione
298 2590 326 2636 ad
335 2589 487 2651 principatum
494 2605 559 2644 usus,
568 2598 593 2636 et
602 2592 697 2637 adorata
703 2607 740 2636 ea-

62 2658 113 2725 pita
126 2659 229 2711 odiosius
241 2658 371 2711 evilescere
381 2654 483 2704 nescius.
