1680 2910
59 338 161 381 acas.
200 331 396 384 ANNALIUM
412 331 645 411 micenas.
686 336 736 384 alo

61 484 147 533 pauper
158 483 173 515 e
183 465 252 516 Latio
263 474 361 523 senator,
371 465 440 514 fore?
457 465 587 530 oppleturos
605 467 682 514 omnis
699 467 735 513 di-

60 536 122 583 vites
133 533 191 590 illos,
201 548 298 596 quorum
306 533 344 580 avi
351 533 481 595 proavique,
489 532 605 580 hostilium
616 532 736 580 nationum

62 601 140 655 duces,
152 600 265 647 exereitus
277 606 367 646 nostros
383 596 444 646 ferro
460 599 530 659 vique
546 598 683 654 ceciderint3
700 595 735 645 D.

62 665 152 714 Julium
170 665 230 727 apud
248 663 351 712 Alesiam
371 664 506 711 obmderint.
538 662 652 712 Recentla
665 664 733 710 haece

62 727 120 793 quid
137 731 276 777 simemoria
286 743 365 776 eorum
384 729 512 785 inoriretur,
529 729 569 790 qui
581 726 695 791 Capitolio
710 733 736 774 et

63 793 103 844 ari
119 792 226 843 Romani
244 796 348 842 manibus
370 795 501 842 eonnndem
519 809 561 858 per
578 809 604 841 se
623 795 678 842 satis
694 794 733 827 Φ·

63 861 193 909 fruerentur
209 875 264 908 stne
280 860 390 908 vocabulo
408 860 520 908 civitatis:
539 867 565 907 at
579 859 678 923 insignia
693 846 737 922 ps·

63 934 132 981 trum,
145 927 228 974 decora
237 926 418 989 magistratuum,
430 940 460 973 ne
470 926 599 988 vulgarent.

96 990 197 1038 XXIV.
213 990 260 1038 His
276 998 344 1053 atque
362 991 444 1038 talibus
462 991 523 1038 haud
538 996 655 1053 permotus
670 989 735 1053 prin·

64 1072 125 1120 ceps,
137 1064 160 1103 et
172 1058 248 1104 statim
256 1065 335 1104 contra
345 1057 457 1109 disseruit,
469 1063 499 1112 et,
510 1063 591 1104 vooato
603 1060 690 1110 senatu,
703 1055 737 1114 itp

63 1137 160 1170 exorsus
179 1128 227 1170 est:
248 1121 376 1185 “Majores
390 1122 436 1169 mei
447 1123 554 1186 (quorum
566 1120 736 1182 antiquissimus

65 1185 172 1244 Clausus,
192 1188 281 1250 origine
292 1186 383 1243 Sabini,
399 1187 466 1234 simul
476 1187 500 1234 in
520 1187 634 1234 civitatem
646 1185 735 1232 Romo·

64 1267 125 1310 nam,
137 1260 161 1301 et
171 1253 196 1300 in
206 1251 303 1300 familias
312 1253 459 1316 patriciorum
470 1253 570 1300 adscitus
581 1250 628 1314 est)
641 1251 736 1298 hortan-

64 1324 110 1375 tur,
128 1320 162 1366 uti
175 1318 266 1380 paribus
285 1318 386 1366 consiliis
404 1334 475 1381 remp.
494 1332 617 1381 oapesssm,
636 1314 736 1363 transfe-

64 1383 137 1431 rendo
154 1385 205 1441 huc,
225 1383 287 1444 quod
301 1399 395 1446 usquam
407 1383 526 1442 εετεείιιιι
541 1382 617 1430 fuerit.
650 1380 736 1442 Neque

64 1450 127 1496 enim
145 1451 234 1512 ignoro,
253 1447 329 1496 Julios
351 1443 418 1501 Albi,
442 1443 600 1493 &murarios
622 1442 736 1502 Camerio,

65 1513 162 1562 Porcios
172 1513 282 1570 Tusculo,
301 1520 332 1569 et,
350 1528 380 1560 ne
396 1517 474 1560 vetera
489 1518 621 1565 scrutemur,
641 1507 737 1559 Etnrr‘rd

64 1577 221 1641 Lucaniiwe,
243 1586 267 1626 et
289 1578 351 1626 omni
370 1573 447 1632 sulit,
470 1575 494 1623 in
516 1582 620 1624 senatum
643 1577 737 1623 accitos.

65 1643 187 1694 Postremo
200 1645 273 1706 ipsam
291 1644 320 1691 ad
336 1641 409 1705 Alpes
419 1647 553 1704 momomm,
572 1648 655 1705 utnon
666 1642 736 1690 modo

64 1710 150 1771 singuli
161 1711 252 1766 viritim,
264 1709 305 1756 sed
315 1715 389 1763 terrae,
401 1713 490 1770 gentes,
501 1709 525 1754 in
536 1722 620 1754 nomen
631 1714 736 1754 nostrum

64 1775 225 1823 coalescerent.
258 1773 406 1821 Tunesolida
422 1773 484 1819 domi
503 1773 573 1834 quies,
593 1780 617 1819 et
627 1772 737 1820 adversus

64 1848 161 1889 externa
179 1839 304 1896 flonrimus,
327 1854 379 1885 eum
397 1837 553 1900 Transpadani
575 1838 599 1884 in
618 1838 735 1886 civitatem

65 1906 158 1968 recepti,
176 1920 238 1963 eum,
258 1905 333 1968 specie
350 1903 497 1951 deductarum
516 1919 557 1966 per
572 1904 648 1951 orbem
667 1912 737 1952 teme

64 1971 191 2034 legionum,
210 1970 292 2017 additis
309 1969 481 2032 provincialium
499 1969 651 2026 validissimis,
673 1968 736 2016 fesso

64 2036 162 2099 imperio
173 2036 309 2084 subventum
321 2042 363 2083 est.
396 2033 460 2082 Num
480 2036 584 2096 poenitet,
603 2033 689 2082 Balbos
705 2049 735 2080 ex

65 2099 189 2164 Hispanld,
201 2117 243 2150 nee
253 2101 330 2148 minus
345 2101 448 2163 insignes
458 2101 520 2147 viros
531 2116 544 2147 e
556 2098 633 2147 Gellii
643 2099 736 2146 Narbo·

64 2168 131 2214 nenti
142 2165 291 2214 transivisse?
308 2165 407 2214 Manent
416 2166 500 2229 posteri
509 2180 594 2220 eorum,
605 2180 647 2212 nec
657 2179 737 2212 amora

64 2233 89 2280 in
101 2233 159 2280 hane
170 2233 267 2295 patriam
279 2233 343 2278 nobis
352 2232 487 2278 concedunt.
520 2230 582 2286 Quid
593 2231 653 2277 aliud
664 2230 735 2277 exitio

65 2297 249 2346 Lacedaemoniis
264 2304 289 2344 et
300 2297 477 2344 Atheniensibus
487 2296 537 2351 fuit,
549 2310 686 2357 quamquam
698 2311 737 2342 ar-

64 2364 111 2409 mis
121 2363 239 2425 pollerent,
251 2362 301 2417 nisi,
312 2363 373 2427 quod
390 2363 463 2409 victos
472 2378 515 2425 pro
526 2361 659 2424 alienigenis
670 2375 736 2407 aree·

63 2428 137 2475 bant?
155 2429 189 2475 At
200 2428 304 2475 conditor
312 2435 390 2474 noster
400 2426 515 2475 Romulus
526 2433 613 2474 tanturn
626 2423 737 2488 sapientis

63 2491 143 2548 saluii,
162 2501 188 2540 ut
198 2494 317 2556 plerosque
326 2494 423 2556 populos
437 2493 517 2540 eodem
530 2493 566 2539 die
581 2493 664 2546 hostes,
682 2491 736 2537 dein

64 2561 127 2605 eires
139 2559 248 2605 habuerit.
281 2559 386 2606 Advense
401 2559 424 2604 in
444 2575 486 2605 nos
497 2564 657 2620 regnaverunt
691 2554 734 2601 Li·

64 2624 203 2671 bertinorum
215 2623 267 2670 filiis
279 2624 424 2687 magistratus
434 2624 542 2678 mandari,
558 2637 611 2678 non,
623 2629 650 2668 ut
664 2620 734 2684 pleri-

63 2705 108 2751 que
127 2689 244 2744 falluntur,
260 2704 357 2751 repens;
374 2689 414 2736 sed
425 2689 493 2751 priori
511 2689 596 2752 populo
606 2687 734 2735 factitatum

63 2761 107 2802 ert·
123 2754 157 2801 At
168 2769 221 2801 cum
233 2753 360 2801 Senonibus
370 2755 539 2817 pugnavimusa
557 2744 744 2800 satientatis

60 2827 86 2865 et
95 2819 170 2880 Epui
179 2832 297 2882 nunquam
310 2820 434 2870 adversam
440 2821 513 2869 nulius
520 2809 748 2887 serenissim&

743 2809 763 2850 x·

728 2866 772 2908 ede
