1680 2910
133 141 165 187 sc
230 135 423 186 Auunmuu
439 103 609 188 emico.
623 140 660 186 ιε.
682 137 798 188 neno·

132 267 223 314 duretur
243 283 336 330 pugnn;
364 274 490 314 sumturum
511 268 606 315 militem
629 268 796 315 Germanorum

130 347 207 393 agros,
223 339 347 379 tracturum
357 334 480 395 conjuges:
500 334 600 394 occipere
615 340 689 386 omen,
707 339 795 379 etms.-

131 397 236 443 trimonie
246 413 272 444 ac
279 398 384 459 pecunias
393 398 490 444 bostium
498 398 581 459 praedae
588 397 707 444 destinare.
735 395 795 443 Ter·

132 458 163 507 til
173 460 243 507 ferme
254 460 332 523 vigilii
341 462 473 509 assolutum
489 470 523 508 est
534 463 619 514 cestris,
632 464 680 509 sine
690 462 794 523 conjectu

130 525 176 579 teli,
193 533 311 588 postquem
324 528 413 574 crebras
429 542 469 588 pro
484 526 628 574 munimentis
639 527 750 581 cobortes,
770 533 795 572 et

130 582 186 636 nibil
197 592 322 646 remissum,
333 589 430 638 sensere.

126 677 129 682 ·
155 652 235 702 xlv.
252 655 308 702 Nox
322 656 399 702 endem
410 655 485 702 laetnm
497 655 635 703 Germanico
645 656 744 716 quietem
755 661 793 701 tu-

130 720 170 766 lit:
189 719 289 781 viditque
300 736 325 767 se
332 727 454 781 operatum,
466 727 489 766 et
500 721 609 781 sanguine
620 735 682 767 sucro
691 718 794 781 respersb

128 782 246 845 praetexti,
261 785 409 847 pulchriorem
420 785 485 831 uiam
496 785 599 832 monibus
609 785 666 832 aviae
678 785 793 846 Augustae

127 849 247 910 occepisse.
279 850 457 905 Auctusomine,
469 849 620 896 addicentibus
628 849 737 910 auspiciis,
750 865 791 894 vo-

129 921 166 959 cnt
181 914 319 970 concionem,
336 921 366 970 et,
388 929 440 974 quae
456 911 564 976 sepientiri
578 915 679 974 praeviso,
696 919 792 974 optoque

128 976 254 1024 imminenti
265 993 355 1040 pugnae,
373 979 475 1026 disserit:
495 977 550 1026 Non
561 993 652 1040 campos
660 978 734 1024 modo
745 978 790 1023 mi·

105 1044 108 1051 '
127 1041 163 1088 liti
178 1041 284 1092 Romano
295 1044 323 1090 nd
339 1045 442 1106 proelium
457 1044 536 1098 bonos,
553 1043 597 1098 sed,
616 1043 635 1088 si
653 1042 710 1089 mtio
725 1042 790 1098 adsit,

124 1106 318 1156 *silvanetsnltusr
338 1109 712 1156 necenimimmensaborberorum
719 1113 789 1162 scuta,

127 1185 232 1218 enormes
240 1173 322 1227 hastas,
332 1174 392 1220 inter
401 1181 493 1220 truncos
501 1173 604 1219 arborum
614 1179 637 1218 ct
647 1178 712 1218 enata
720 1172 789 1218 humo

127 1237 226 1298 virgulta
235 1237 327 1298 perinde
337 1238 418 1292 heberi,
435 1253 500 1299 quem
511 1237 556 1299 pila
572 1245 595 1284 et
610 1236 696 1299 gladios
706 1242 730 1282 et
740 1236 789 1282 hae·

127 1301 199 1348 nentia
216 1302 302 1364 corpori
318 1302 432 1363 tegmina:
456 1303 575 1349 monerent
590 1303 665 1358 ictus;
681 1315 722 1347 ors
737 1314 788 1347 mu-

128 1366 232 1412 cronibus
243 1372 378 1426 quererent:
398 1381 443 1413 non
455 1366 546 1414 loricam
558 1367 680 1420 Germano,
692 1379 738 1411 non
745 1380 788 1427 ga·

123 1429 199 1486 leam3
217 1445 246 1476 ne
262 1437 325 1478 scuto
338 1431 426 1491 quidem
442 1429 508 1483 ferro,
526 1445 624 1477 nervove
639 1430 732 1485 firmum,
748 1429 788 1476 sed

126 1494 237 1542 viminum
247 1501 330 1550 textus,
347 1495 388 1542 sed
398 1503 483 1550 tenues,
493 1494 580 1542 fucatos
590 1494 673 1549 colore,
683 1495 784 1543 tabulas:

126 1559 221 1619 mmsm
233 1566 353 1619 utcumque
367 1560 438 1608 aciem
449 1561 573 1617 hostntnm3
590 1560 789 1622 ceteris-praeusto

124 1630 165 1670 sut
174 1623 250 1669 brevia
261 1624 313 1670 telo.
345 1623 398 1673 Jsm
409 1640 496 1687 corpus,
513 1631 538 1670 ut
549 1624 598 1671 visu
613 1631 704 1672 torvum
720 1630 743 1670 et
759 1622 788 1670 ad

125 1687 215 1734 brevem
226 1690 335 1749 impetum
345 1690 451 1744 validum,
463 1690 496 1736 sic
504 1686 565 1736 nulli
572 1690 690 1736 vulnerum
698 1689 785 1751 pntieu·

124 1749 169 1797 til:
189 1752 237 1798 sine
247 1753 331 1814 pudore
341 1752 428 1816 flagitii,
439 1755 489 1802 sine
499 1751 552 1800 curri
562 1755 651 1808 ducum,
668 1753 734 1808 obire,
748 1751 785 1799 fu·

124 1830 189 1877 gere:
208 1817 300 1878 povidos
311 1819 415 1874 adversis,
427 1819 485 1865 inter
494 1818 642 1866 seeundonon
651 1818 727 1872 divini,
739 1832 786 1863 non

124 1881 216 1928 humani
226 1883 284 1945 Juris
298 1898 416 1930 memores.
450 1883 475 1930 Si
489 1884 557 1930 taedio
570 1883 656 1929 viarum
673 1897 699 1928 ac
718 1882 786 1928 moris

66 1981 69 1989 .
123 1943 192 1991 finem
200 1947 296 2007 cupient,
306 1949 347 1995 bac
354 1948 494 2010 aciepnrnri:
512 1947 690 2009 propioremJom
699 1946 784 2002 Albim,

123 2024 190 2070 quem
201 2010 322 2069 Rhenum;
340 2028 412 2073 neque
424 2012 507 2059 bellum
523 2012 595 2070 ultra3
612 2012 679 2058 modo
696 2026 726 2065 se,
744 2025 785 2072 pa-

122 2075 164 2121 tris
179 2077 296 2136 patruique
311 2077 409 2140 vestigio
424 2083 569 2139 prementem,
585 2076 664 2123 iisdem
679 2076 703 2122 in
720 2075 785 2122 terris

123 2139 232 2186 victorem
249 2143 360 2188 sisterent.
392 2141 523 2188 Orationem
539 2141 602 2187 ducis
618 2146 708 2188 secutus
724 2139 784 2225 mili·

123 2209 172 2249 tum
184 2205 262 2252 ardor:
282 2207 417 2267 signumque
426 2221 511 2267 pugnae
521 2207 604 2252 dotum.

155 2267 212 2314 XV.
229 2268 280 2316 Nec
292 2272 408 2317 Aminios
418 2278 457 2317 aut
468 2271 543 2317 coeteri
553 2272 718 2319 Gennesorum
745 2284 782 2317 ro·

121 2345 184 2377 ceres
196 2333 327 2380 omittebant
338 2350 391 2382 suos
400 2336 495 2395 quisque
505 2336 594 2382 testari:
615 2334 668 2386 Hos
675 2349 725 2382 esse

120 2411 207 2451 manos,
217 2396 308 2445 Variani
317 2400 429 2446 exercitiis
435 2399 598 2460 fugacissimos,
606 2401 651 2461 qui,
664 2398 781 2446 nobellum

120 2461 247 2516 tolerarent,
256 2463 387 2510 seditionem
394 2464 519 2510 induerint:
538 2480 633 2524 quorum
640 2480 692 2526 pars
700 2471 782 2511 onusta

20 2581 21 2585 Ἰ
113 2526 244 2574 vulneribus
261 2537 331 2592 tergo,
351 2543 402 2593 pars
416 2526 521 2576 fluctibus
537 2537 560 2576 et
577 2530 681 2590 procellis
696 2527 781 2574 fractos
807 2574 820 2584 ι

98 2595 174 2648 ortus,
190 2592 291 2644 infensis
307 2612 402 2646 rursum
418 2597 531 2650 hostibus,
548 2591 719 2641 sdversifflds
731 2591 787 2649 olii·

87 2652 162 2714 cient,
174 2658 244 2710 nulli
256 2664 314 2714 boni
327 2680 383 2732 spe:
407 2664 513 2714 classem
522 2660 609 2726 quipus
618 2667 644 2706 et
653 2655 708 2703 tiit
713 2651 807 2700 Μή
