1680 2910
109 109 127 152 2
206 109 398 157 ANNALIUM
415 108 468 156 Lrs.
480 107 500 158 l.
513 108 573 158 Cer.
584 114 606 157 3.

108 245 192 299 utoque
204 239 297 301 Lepido,
313 238 431 286 interserto
444 239 552 295 Antonio,
568 256 598 287 ne
611 239 716 295 Julian
722 255 744 297 ῖς
759 276 799 324 q

108 304 159 350 dem
170 305 274 366 partibus,
286 304 328 351 nisi
340 302 425 358 Caesar,
437 304 483 350 dux
493 305 604 365 reliquus3
621 305 685 366 posit
695 331 718 358 ο
731 316 803 373 2}

107 371 196 416 umur'ri
207 370 303 425 nomine,
321 370 436 415 consulem
448 385 472 415 se
486 368 568 424 serens,
585 371 646 416 etad
661 377 803 436 tuenelff³

107 433 193 494 plebem
205 435 322 480 tribunicio
329 435 381 496 jure
389 441 532 489 contentum3
548 435 584 479 ubi
593 435 685 480 militem
695 435 738 479 do
743 431 803 502 1713

106 498 214 559 populum
225 496 319 552 annoni,
335 507 428 545 cunctos
439 498 554 545 dulcedine
565 500 604 545 otii
615 500 713 560 pellexit,
757 511 798 552 jn.

107 577 200 624 surgere
210 564 322 624 paulatim,
339 564 415 609 munia
426 563 523 617 senatds,
539 565 716 625 magistratuum,
743 569 778 610 le-

106 642 162 689 gum
174 628 196 674 in
208 643 232 674 se
240 629 333 681 trahere,
345 628 556 685 nulloadversante3
574 645 625 675 eum
633 628 767 674 ferocissimi

105 707 145 754 per
156 693 215 741 acies
230 700 268 739 aut
283 693 442 754 proscriptione
457 693 596 747 cecidissent,
613 694 687 740 caeteri
702 691 765 737 nobi·

105 758 168 812 lium,
184 762 268 818 quanto
280 757 329 817 quis
340 758 431 804 servitio
442 759 556 818 promtior,
568 758 646 820 opibus
657 765 680 804 et
691 759 764 804 hono·

105 822 166 868 ribus
181 822 347 877 extollerentur,
364 837 390 869 ae
405 823 470 868 novis
485 837 514 867 ex
526 824 591 868 rebus
606 825 664 869 aucti
680 830 728 867 tuta
742 828 765 866 et

104 888 229 948 praes'entia,
241 902 306 948 quam
318 893 394 934 vetera
403 895 426 935 et
437 887 568 948 periculosa,
581 887 680 934 mallent.
714 886 763 932 Ne·

106 967 149 1011 que
167 953 289 1013 provInciae
305 951 367 998 illurn
382 967 456 998 rerum
473 958 555 998 statum
573 953 704 1006 abnuebant,
725 967 763 997 su·

106 1021 182 1078 specto
194 1017 284 1062 senattls
296 1017 414 1078 populique
430 1017 529 1078 imperio,
543 1018 571 1063 ob
587 1018 709 1063 certamina
722 1032 763 1078 po·

105 1082 207 1136 tendum,
218 1090 241 1129 et
252 1082 365 1128 avaritiam
376 1083 562 1144 magistratuum
579 1082 675 1127 invalido
686 1082 763 1142 legum

105 1145 193 1201 auxilio,
217 1162 267 1208 quae
285 1147 316 1204 vi,
333 1147 423 1202 ambitu,
440 1153 553 1208 postremo
569 1144 670 1208 pecuniis,
687 1147 763 1192 turba·

102 1211 190 1257 bantur,

137 1273 184 1322 111.
202 1273 317 1324 Caeterum
340 1273 466 1338 Augustus,
492 1275 588 1322 subsidia
609 1275 761 1331 dominationi,

104 1337 224 1388 Claudium
235 1340 377 1395 Marcellum,
392 1341 474 1387 sororis
484 1339 561 1394 filium,
576 1341 695 1387 admodum
707 1341 761 1386 ado·

101 1405 230 1459 lescentem,
241 1403 371 1465 pontificatu
382 1412 405 1452 et
416 1406 486 1452 curuli
497 1401 601 1452 aedilitate
607 1422 615 1463 ς
632 1405 668 1452 Μ.
676 1405 761 1467 Agrip·

102 1485 161 1531 pom,
177 1471 299 1532 ignobilem
309 1470 366 1524 loco,
382 1471 465 1516 bonurn
480 1467 559 1516 militiis
574 1479 598 1516 et
611 1469 712 1516 victoriae
724 1485 761 1516 so·

102 1536 169 1588 cium,
180 1535 301 1596 geminatis
311 1534 461 1581 consulatibus
471 1535 565 1590 extulit;
583 1550 643 1588 mox,
655 1534 761 1582 defuneto

104 1598 223 1653 Marcello,
240 1614 348 1660 generum
360 1599 452 1646 sumsit:
472 1598 587 1646 Tiberium
603 1599 718 1647 Neronem
738 1607 762 1646 et

103 1661 224 1711 claudium
236 1663 345 1718 Drusum,
362 1664 484 1726 privignos,
501 1665 647 1727 imperatoriis
664 1665 760 1710 nomini·

101 1730 144 1775 bus
154 1730 223 1783 auxit,
240 1727 328 1790 integral
341 1730 409 1775 etiam
422 1738 469 1775 turn
481 1730 548 1775 domo
559 1729 611 1776 sud:
631 1744 683 1775 nam
694 1731 760 1791 geni·

102 1801 138 1840 tos
149 1791 257 1855 Agrippi,
275 1791 355 1842 Caium
366 1809 392 1841 ac
404 1793 507 1849 Lucium,
524 1795 548 1840 in
563 1793 669 1840 familiam
681 1793 761 1843 Caesa·

101 1873 152 1905 rum
171 1858 288 1905 induxerat
294 1876 302 1916 3
325 1858 437 1906 necdum
454 1856 528 1920 positd
545 1859 624 1920 puerili
643 1857 761 1920 praetexti,

102 1925 227 1984 Principes
242 1925 377 1972 Juueartuta's
395 1925 506 1986 appellari,
526 1924 630 1970 destinari
649 1925 760 1981 eonsules,

100 1987 608 2051 speeierecusantisflagrantissimecupiverat
635 1987 760 2051 UtAgrip-

100 2068 130 2115 pa
140 2051 187 2100 vitd
198 2056 313 2108 concessit,
332 2053 361 2099 L.
368 2053 490 2107 Caesarem,
507 2061 597 2102 euntem
609 2053 637 2099 ad
648 2052 758 2116 Hispani·

100 2133 166 2166 enses
178 2119 297 2175 exercitus,
309 2116 398 2173 Caium,
408 2125 545 2165 remeantem
553 2117 663 2165 Annenid
673 2126 697 2166 et
707 2119 758 2164 vul-

100 2199 153 2229 nere
163 2183 292 2236 invnlidum,
309 2199 369 2230 mors
379 2183 426 2232 fatu
436 2198 536 2245 propera,
553 2184 590 2230 vel
601 2199 704 2230 novercae
716 2182 758 2229 Li·

98 2249 143 2294 viae
166 2249 236 2303 dolus,
259 2249 349 2294 abstulit
356 2265 364 2305 3
392 2246 514 2310 Drusoque
532 2249 616 2310 pridem
639 2249 758 2304 exstincto,

99 2311 164 2361 Nero
175 2313 260 2359 soluse
275 2314 384 2374 privignis
398 2320 462 2359 erat:
482 2314 534 2360 illue
551 2321 631 2360 cuncta
646 2328 755 2374 vergere:

97 2375 162 2431 filius,
180 2378 267 2439 collega
283 2379 375 2439 imperii,
392 2393 485 2424 consors
501 2380 624 2425 tribuniciae
641 2379 759 2438 potestatis

97 2443 224 2497 assumitur,
240 2458 363 2503 omnesque
376 2458 416 2505 per
430 2444 541 2490 exercitus
555 2449 693 2499 ostentatur;
711 2457 758 2489 non
786 2462 790 2488 z

93 2505 200 2560 obscuris,
214 2514 240 2553 ut
248 2514 320 2563 antea,
333 2508 411 2555 matris
423 2508 516 2567 artibus,
525 2509 567 2555 sed
574 2508 760 2568 palumburtstux

78 2581 135 2614 narn
144 2585 226 2617 senem
238 2573 378 2637 Angustum
391 2575 530 2624 devinxerat
541 2574 608 2626 adeo,
616 2572 655 2617 uti
663 2577 776 2630 nepotem

64 2631 170 2690 “Hiems
183 2635 320 2706 Agrippam
335 2643 493 2702 Postumum,
504 2639 644 2691 ininsulum
650 2631 791 2680 rtsnasmo
