<?xml version="1.0" encoding="UTF-8"?>
<!DOCTYPE html PUBLIC "-//W3C//DTD XHTML 1.0 Transitional//EN"
    "http://www.w3.org/TR/xhtml1/DTD/xhtml1-transitional.dtd">
<html xmlns="http://www.w3.org/1999/xhtml" xml:lang="en" lang="en">
 <head>
  <title>
</title>
<meta http-equiv="Content-Type" content="text/html;charset=utf-8" />
  <meta name='ocr-system' content='tesseract 3.04.00' />
  <meta name='ocr-capabilities' content='ocr_page ocr_carea ocr_par ocr_line ocrx_word'/>
</head>
<body>
  <div class='ocr_page' id='page_1' title='image "./ccorneliitaciti00obergoog_0119.png"; bbox 0 0 1680 2910; ppageno 0'>
   <div class='ocr_carea' id='block_1_1' title="bbox 48 2636 69 2679">
    <p class='ocr_par' dir='ltr' id='par_1_1' title="bbox 48 2636 69 2679">
     <span class='ocr_line' id='line_1_1' title="bbox 48 2636 69 2679; baseline 0 0"><span class='ocrx_word' id='word_1_1' title='bbox 48 2636 69 2679; x_wconf 67' lang='lat' dir='ltr'>h</span> 
     </span>
    </p>
   </div>
   <div class='ocr_carea' id='block_1_2' title="bbox 115 105 778 191">
    <p class='ocr_par' dir='ltr' id='par_1_2' title="bbox 115 105 778 191">
     <span class='ocr_line' id='line_1_2' title="bbox 115 105 778 191; baseline -0.008 -28"><span class='ocrx_word' id='word_1_2' title='bbox 115 120 163 166; x_wconf 79' lang='lat' dir='ltr'><strong>tos</strong></span> <span class='ocrx_word' id='word_1_3' title='bbox 195 105 388 160; x_wconf 72' lang='lat' dir='ltr'><strong>ANNALIUM</strong></span> <span class='ocrx_word' id='word_1_4' title='bbox 404 106 516 159; x_wconf 66' lang='lat' dir='ltr'><strong>urs-111.</strong></span> <span class='ocrx_word' id='word_1_5' title='bbox 525 107 634 191; x_wconf 37' lang='lat' dir='ltr'><strong>cardi.</strong></span> <span class='ocrx_word' id='word_1_6' title='bbox 662 117 778 165; x_wconf 55' lang='lat' dir='ltr'><strong>meari.</strong></span> 
     </span>
    </p>
   </div>
   <div class='ocr_carea' id='block_1_3' title="bbox 112 236 808 2710">
    <p class='ocr_par' dir='ltr' id='par_1_3' title="bbox 112 236 787 554">
     <span class='ocr_line' id='line_1_3' title="bbox 113 236 787 305; baseline -0.001 -12"><span class='ocrx_word' id='word_1_7' title='bbox 113 246 209 293; x_wconf 88' lang='lat' dir='ltr'><strong>duorum</strong></span> <span class='ocrx_word' id='word_1_8' title='bbox 220 254 326 305; x_wconf 82' lang='lat' dir='ltr'><strong>egressus</strong></span> <span class='ocrx_word' id='word_1_9' title='bbox 336 239 386 295; x_wconf 86' lang='lat' dir='ltr'><strong>coli,</strong></span> <span class='ocrx_word' id='word_1_10' title='bbox 401 239 446 288; x_wconf 89' lang='lat' dir='ltr'><strong>duo</strong></span> <span class='ocrx_word' id='word_1_11' title='bbox 456 255 507 289; x_wconf 88' lang='lat' dir='ltr'><strong>esse</strong></span> <span class='ocrx_word' id='word_1_12' title='bbox 516 242 637 304; x_wconf 72' lang='lat' dir='ltr'><strong>praetoriae</strong></span> <span class='ocrx_word' id='word_1_13' title='bbox 654 236 787 305; x_wconf 79' lang='lat' dir='ltr'><strong>pervicaci·</strong></span> 
     </span>
     <span class='ocr_line' id='line_1_4' title="bbox 112 305 780 371; baseline 0.007 -19"><span class='ocrx_word' id='word_1_14' title='bbox 112 312 155 360; x_wconf 59' lang='grc' dir='ltr'><strong>βω</strong></span> <span class='ocrx_word' id='word_1_15' title='bbox 174 307 246 370; x_wconf 72' lang='lat' dir='ltr'><strong>magis</strong></span> <span class='ocrx_word' id='word_1_16' title='bbox 265 314 288 353; x_wconf 90' lang='lat' dir='ltr'><strong>et</strong></span> <span class='ocrx_word' id='word_1_17' title='bbox 306 305 466 368; x_wconf 75' lang='lat' dir='ltr'><strong>impotentibus</strong></span> <span class='ocrx_word' id='word_1_18' title='bbox 484 307 602 354; x_wconf 81' lang='lat' dir='ltr'><strong>mulierum</strong></span> <span class='ocrx_word' id='word_1_19' title='bbox 615 309 704 370; x_wconf 84' lang='lat' dir='ltr'><strong>jussis;</strong></span> <span class='ocrx_word' id='word_1_20' title='bbox 720 324 780 371; x_wconf 77' lang='lat' dir='ltr'><strong>quae,</strong></span> 
     </span>
     <span class='ocr_line' id='line_1_5' title="bbox 113 370 779 437; baseline 0.002 -17"><span class='ocrx_word' id='word_1_21' title='bbox 113 373 196 437; x_wconf 85' lang='lat' dir='ltr'><strong>Oppiis</strong></span> <span class='ocrx_word' id='word_1_22' title='bbox 212 371 324 433; x_wconf 84' lang='lat' dir='ltr'><strong>quondam</strong></span> <span class='ocrx_word' id='word_1_23' title='bbox 342 370 435 431; x_wconf 86' lang='lat' dir='ltr'><strong>aliisque</strong></span> <span class='ocrx_word' id='word_1_24' title='bbox 452 371 539 434; x_wconf 78' lang='lat' dir='ltr'><strong>legibus</strong></span> <span class='ocrx_word' id='word_1_25' title='bbox 557 373 694 430; x_wconf 73' lang='lat' dir='ltr'><strong>oonnfictae,</strong></span> <span class='ocrx_word' id='word_1_26' title='bbox 712 389 779 430; x_wconf 78' lang='lat' dir='ltr'><strong>nanc,</strong></span> 
     </span>
     <span class='ocr_line' id='line_1_6' title="bbox 113 435 779 502; baseline -0.002 -15"><span class='ocrx_word' id='word_1_27' title='bbox 113 438 196 487; x_wconf 76' lang='lat' dir='ltr'><strong>uinclis</strong></span> <span class='ocrx_word' id='word_1_28' title='bbox 206 436 321 492; x_wconf 78' lang='lat' dir='ltr'><strong>exsolutis,</strong></span> <span class='ocrx_word' id='word_1_29' title='bbox 336 435 422 492; x_wconf 83' lang='lat' dir='ltr'><strong>domos,</strong></span> <span class='ocrx_word' id='word_1_30' title='bbox 432 435 488 492; x_wconf 82' lang='lat' dir='ltr'><strong>fora,</strong></span> <span class='ocrx_word' id='word_1_31' title='bbox 494 438 543 499; x_wconf 78' lang='lat' dir='ltr'><strong>jam</strong></span> <span class='ocrx_word' id='word_1_32' title='bbox 555 445 579 485; x_wconf 90' lang='lat' dir='ltr'><strong>et</strong></span> <span class='ocrx_word' id='word_1_33' title='bbox 589 439 703 486; x_wconf 82' lang='lat' dir='ltr'><strong>exercitus</strong></span> <span class='ocrx_word' id='word_1_34' title='bbox 713 454 779 502; x_wconf 82' lang='lat' dir='ltr'><strong>rege·</strong></span> 
     </span>
     <span class='ocr_line' id='line_1_7' title="bbox 113 509 172 554; baseline -0.068 0"><span class='ocrx_word' id='word_1_35' title='bbox 113 509 172 554; x_wconf 83' lang='lat' dir='ltr'><strong>rent</strong></span> 
     </span>
    </p>

    <p class='ocr_par' dir='ltr' id='par_1_4' title="bbox 115 564 780 824">
     <span class='ocr_line' id='line_1_8' title="bbox 147 564 780 631; baseline 0 -16"><span class='ocrx_word' id='word_1_36' title='bbox 147 564 274 614; x_wconf 83' lang='lat' dir='ltr'>XXXIV.</span> <span class='ocrx_word' id='word_1_37' title='bbox 288 564 415 612; x_wconf 79' lang='lat' dir='ltr'><strong>Paucorum</strong></span> <span class='ocrx_word' id='word_1_38' title='bbox 432 566 481 612; x_wconf 83' lang='lat' dir='ltr'><strong>haec</strong></span> <span class='ocrx_word' id='word_1_39' title='bbox 496 581 589 615; x_wconf 89' lang='lat' dir='ltr'><strong>assensu</strong></span> <span class='ocrx_word' id='word_1_40' title='bbox 602 568 686 623; x_wconf 78' lang='lat' dir='ltr'><strong>audita,</strong></span> <span class='ocrx_word' id='word_1_41' title='bbox 705 569 780 631; x_wconf 89' lang='lat' dir='ltr'><strong>piures</strong></span> 
     </span>
     <span class='ocr_line' id='line_1_9' title="bbox 116 630 778 694; baseline 0.002 -15"><span class='ocrx_word' id='word_1_42' title='bbox 116 633 269 686; x_wconf 77' lang='lat' dir='ltr'><strong>obturbabant,</strong></span> <span class='ocrx_word' id='word_1_43' title='bbox 286 644 358 690; x_wconf 89' lang='lat' dir='ltr'><strong>neque</strong></span> <span class='ocrx_word' id='word_1_44' title='bbox 373 630 468 676; x_wconf 87' lang='lat' dir='ltr'><strong>relatum</strong></span> <span class='ocrx_word' id='word_1_45' title='bbox 481 631 510 677; x_wconf 93' lang='lat' dir='ltr'><strong>de</strong></span> <span class='ocrx_word' id='word_1_46' title='bbox 524 633 624 694; x_wconf 77' lang='lat' dir='ltr'><strong>negotio,</strong></span> <span class='ocrx_word' id='word_1_47' title='bbox 639 648 713 694; x_wconf 84' lang='lat' dir='ltr'><strong>neque</strong></span> <span class='ocrx_word' id='word_1_48' title='bbox 725 631 778 682; x_wconf 83' lang='lat' dir='ltr'><strong>Cae-</strong></span> 
     </span>
     <span class='ocr_line' id='line_1_10' title="bbox 115 695 780 759; baseline 0.002 -16"><span class='ocrx_word' id='word_1_49' title='bbox 115 699 190 746; x_wconf 80' lang='lat' dir='ltr'><strong>cinam</strong></span> <span class='ocrx_word' id='word_1_50' title='bbox 204 697 298 759; x_wconf 85' lang='lat' dir='ltr'><strong>dignum</strong></span> <span class='ocrx_word' id='word_1_51' title='bbox 312 701 383 741; x_wconf 82' lang='lat' dir='ltr'><strong>tantae</strong></span> <span class='ocrx_word' id='word_1_52' title='bbox 399 695 431 740; x_wconf 92' lang='lat' dir='ltr'><strong>rei</strong></span> <span class='ocrx_word' id='word_1_53' title='bbox 446 710 570 744; x_wconf 77' lang='lat' dir='ltr'>censorem.</span> <span class='ocrx_word' id='word_1_54' title='bbox 602 697 662 744; x_wconf 85' lang='lat' dir='ltr'><strong>Mox</strong></span> <span class='ocrx_word' id='word_1_55' title='bbox 673 695 780 744; x_wconf 82' lang='lat' dir='ltr'><strong>Valerius</strong></span> 
     </span>
     <span class='ocr_line' id='line_1_11' title="bbox 116 759 779 824; baseline -0.005 -12"><span class='ocrx_word' id='word_1_56' title='bbox 116 762 262 815; x_wconf 84' lang='lat' dir='ltr'><strong>Messalinus,</strong></span> <span class='ocrx_word' id='word_1_57' title='bbox 282 760 318 806; x_wconf 87' lang='lat' dir='ltr'><strong>cui</strong></span> <span class='ocrx_word' id='word_1_58' title='bbox 336 774 417 820; x_wconf 85' lang='lat' dir='ltr'><strong>parens</strong></span> <span class='ocrx_word' id='word_1_59' title='bbox 436 759 544 816; x_wconf 74' lang='lat' dir='ltr'><strong>Messala,</strong></span> <span class='ocrx_word' id='word_1_60' title='bbox 565 762 682 822; x_wconf 85' lang='lat' dir='ltr'><strong>ineratque</strong></span> <span class='ocrx_word' id='word_1_61' title='bbox 704 763 779 824; x_wconf 81' lang='lat' dir='ltr'><strong>imago</strong></span> 
     </span>
    </p>

    <p class='ocr_par' dir='ltr' id='par_1_5' title="bbox 113 823 790 2643">
     <span class='ocr_line' id='line_1_12' title="bbox 145 823 779 886; baseline -0.002 -11"><span class='ocrx_word' id='word_1_62' title='bbox 145 836 215 875; x_wconf 84' lang='lat' dir='ltr'><strong>temae</strong></span> <span class='ocrx_word' id='word_1_63' title='bbox 225 823 344 879; x_wconf 76' lang='lat' dir='ltr'><strong>facundiae,</strong></span> <span class='ocrx_word' id='word_1_64' title='bbox 354 824 480 886; x_wconf 87' lang='lat' dir='ltr'><strong>respoudit:</strong></span> <span class='ocrx_word' id='word_1_65' title='bbox 501 825 578 873; x_wconf 76' lang='lat' dir='ltr'><strong>Multa</strong></span> <span class='ocrx_word' id='word_1_66' title='bbox 585 827 667 873; x_wconf 88' lang='lat' dir='ltr'><strong>duritie</strong></span> <span class='ocrx_word' id='word_1_67' title='bbox 676 835 779 874; x_wconf 80' lang='lat' dir='ltr'><strong>veterum</strong></span> 
     </span>
     <span class='ocr_line' id='line_1_13' title="bbox 114 844 779 951; baseline -0.005 -9"><span class='ocrx_word' id='word_1_68' title='bbox 114 844 232 942; x_wconf 54' lang='lat' dir='ltr'><strong>ignotius</strong></span> <span class='ocrx_word' id='word_1_69' title='bbox 242 898 265 937; x_wconf 91' lang='lat' dir='ltr'><strong>et</strong></span> <span class='ocrx_word' id='word_1_70' title='bbox 275 889 350 935; x_wconf 81' lang='lat' dir='ltr'><strong>iaetius</strong></span> <span class='ocrx_word' id='word_1_71' title='bbox 357 895 457 936; x_wconf 78' lang='lat' dir='ltr'><strong>mutata:</strong></span> <span class='ocrx_word' id='word_1_72' title='bbox 475 893 625 951; x_wconf 88' lang='lat' dir='ltr'><strong>nequeenim,</strong></span> <span class='ocrx_word' id='word_1_73' title='bbox 637 891 730 946; x_wconf 82' lang='lat' dir='ltr'><strong>utolim.</strong></span> <span class='ocrx_word' id='word_1_74' title='bbox 738 892 779 939; x_wconf 90' lang='lat' dir='ltr'><strong>ob-</strong></span> 
     </span>
     <span class='ocr_line' id='line_1_14' title="bbox 117 953 781 1016; baseline 0 -11"><span class='ocrx_word' id='word_1_75' title='bbox 117 957 184 1006; x_wconf 82' lang='lat' dir='ltr'><strong>sideri</strong></span> <span class='ocrx_word' id='word_1_76' title='bbox 197 955 283 1003; x_wconf 81' lang='lat' dir='ltr'><strong>Urbem</strong></span> <span class='ocrx_word' id='word_1_77' title='bbox 293 953 364 1007; x_wconf 79' lang='lat' dir='ltr'><strong>bellis,</strong></span> <span class='ocrx_word' id='word_1_78' title='bbox 380 960 419 1000; x_wconf 86' lang='lat' dir='ltr'><strong>aut</strong></span> <span class='ocrx_word' id='word_1_79' title='bbox 428 955 556 1016; x_wconf 85' lang='lat' dir='ltr'><strong>provincias</strong></span> <span class='ocrx_word' id='word_1_80' title='bbox 569 955 661 1003; x_wconf 83' lang='lat' dir='ltr'><strong>hostiles</strong></span> <span class='ocrx_word' id='word_1_81' title='bbox 674 972 739 1004; x_wconf 82' lang='lat' dir='ltr'><strong>esse:</strong></span> <span class='ocrx_word' id='word_1_82' title='bbox 757 963 781 1005; x_wconf 89' lang='lat' dir='ltr'><strong>et</strong></span> 
     </span>
     <span class='ocr_line' id='line_1_15' title="bbox 115 1019 780 1086; baseline 0.003 -19"><span class='ocrx_word' id='word_1_83' title='bbox 115 1036 188 1086; x_wconf 86' lang='lat' dir='ltr'><strong>pauca</strong></span> <span class='ocrx_word' id='word_1_84' title='bbox 194 1020 327 1067; x_wconf 85' lang='lat' dir='ltr'><strong>feminarum</strong></span> <span class='ocrx_word' id='word_1_85' title='bbox 337 1019 506 1066; x_wconf 84' lang='lat' dir='ltr'><strong>nscessitatibus</strong></span> <span class='ocrx_word' id='word_1_86' title='bbox 516 1021 615 1075; x_wconf 88' lang='lat' dir='ltr'><strong>concedi,</strong></span> <span class='ocrx_word' id='word_1_87' title='bbox 626 1037 679 1082; x_wconf 76' lang='lat' dir='ltr'><strong>quce</strong></span> <span class='ocrx_word' id='word_1_88' title='bbox 689 1037 780 1069; x_wconf 87' lang='lat' dir='ltr'><strong>oecon·</strong></span> 
     </span>
     <span class='ocr_line' id='line_1_16' title="bbox 113 1084 779 1152; baseline 0 -18"><span class='ocrx_word' id='word_1_89' title='bbox 113 1090 197 1152; x_wconf 79' lang='lat' dir='ltr'><strong>jugum</strong></span> <span class='ocrx_word' id='word_1_90' title='bbox 214 1085 303 1147; x_wconf 84' lang='lat' dir='ltr'><strong>quidem</strong></span> <span class='ocrx_word' id='word_1_91' title='bbox 322 1090 421 1145; x_wconf 86' lang='lat' dir='ltr'><strong>penates,</strong></span> <span class='ocrx_word' id='word_1_92' title='bbox 440 1084 496 1130; x_wconf 82' lang='lat' dir='ltr'><strong>odeo</strong></span> <span class='ocrx_word' id='word_1_93' title='bbox 515 1086 588 1133; x_wconf 90' lang='lat' dir='ltr'><strong>socios</strong></span> <span class='ocrx_word' id='word_1_94' title='bbox 605 1100 651 1132; x_wconf 91' lang='lat' dir='ltr'><strong>non</strong></span> <span class='ocrx_word' id='word_1_95' title='bbox 669 1093 779 1144; x_wconf 86' lang='lat' dir='ltr'><strong>onerent;</strong></span> 
     </span>
     <span class='ocr_line' id='line_1_17' title="bbox 117 1148 782 1214; baseline -0.003 -14"><span class='ocrx_word' id='word_1_96' title='bbox 117 1158 200 1200; x_wconf 85' lang='lat' dir='ltr'><strong>caetera</strong></span> <span class='ocrx_word' id='word_1_97' title='bbox 209 1150 338 1213; x_wconf 87' lang='lat' dir='ltr'><strong>promiscua</strong></span> <span class='ocrx_word' id='word_1_98' title='bbox 347 1163 399 1194; x_wconf 90' lang='lat' dir='ltr'><strong>curn</strong></span> <span class='ocrx_word' id='word_1_99' title='bbox 409 1148 498 1205; x_wconf 82' lang='lat' dir='ltr'><strong>marito,</strong></span> <span class='ocrx_word' id='word_1_100' title='bbox 513 1165 555 1197; x_wconf 88' lang='lat' dir='ltr'><strong>nec</strong></span> <span class='ocrx_word' id='word_1_101' title='bbox 565 1149 636 1196; x_wconf 87' lang='lat' dir='ltr'><strong>ulium</strong></span> <span class='ocrx_word' id='word_1_102' title='bbox 646 1150 672 1197; x_wconf 84' lang='lat' dir='ltr'><strong>in</strong></span> <span class='ocrx_word' id='word_1_103' title='bbox 682 1167 711 1198; x_wconf 93' lang='lat' dir='ltr'><strong>eo</strong></span> <span class='ocrx_word' id='word_1_104' title='bbox 720 1152 782 1214; x_wconf 83' lang='lat' dir='ltr'><strong>pacis</strong></span> 
     </span>
     <span class='ocr_line' id='line_1_18' title="bbox 116 1212 781 1280; baseline -0.003 -15"><span class='ocrx_word' id='word_1_105' title='bbox 116 1216 309 1280; x_wconf 79' lang='lat' dir='ltr'><strong>impedimentum.</strong></span> <span class='ocrx_word' id='word_1_106' title='bbox 341 1212 407 1260; x_wconf 84' lang='lat' dir='ltr'><strong>Bella</strong></span> <span class='ocrx_word' id='word_1_107' title='bbox 416 1214 482 1274; x_wconf 87' lang='lat' dir='ltr'><strong>plsne</strong></span> <span class='ocrx_word' id='word_1_108' title='bbox 492 1215 598 1262; x_wconf 80' lang='lat' dir='ltr'><strong>accinctis</strong></span> <span class='ocrx_word' id='word_1_109' title='bbox 609 1215 722 1263; x_wconf 84' lang='lat' dir='ltr'><strong>obeunda:</strong></span> <span class='ocrx_word' id='word_1_110' title='bbox 742 1217 781 1263; x_wconf 87' lang='lat' dir='ltr'><strong>sed</strong></span> 
     </span>
     <span class='ocr_line' id='line_1_19' title="bbox 117 1278 780 1343; baseline -0.003 -14"><span class='ocrx_word' id='word_1_111' title='bbox 117 1281 280 1329; x_wconf 86' lang='lat' dir='ltr'><strong>revertentibus</strong></span> <span class='ocrx_word' id='word_1_112' title='bbox 298 1285 350 1340; x_wconf 85' lang='lat' dir='ltr'><strong>post</strong></span> <span class='ocrx_word' id='word_1_113' title='bbox 367 1278 472 1333; x_wconf 84' lang='lat' dir='ltr'><strong>laborem,</strong></span> <span class='ocrx_word' id='word_1_114' title='bbox 494 1280 554 1340; x_wconf 88' lang='lat' dir='ltr'><strong>quod</strong></span> <span class='ocrx_word' id='word_1_115' title='bbox 572 1280 696 1335; x_wconf 88' lang='lat' dir='ltr'><strong>honestius,</strong></span> <span class='ocrx_word' id='word_1_116' title='bbox 713 1294 780 1343; x_wconf 77' lang='lat' dir='ltr'><strong>quarn</strong></span> 
     </span>
     <span class='ocr_line' id='line_1_20' title="bbox 117 1343 781 1404; baseline 0.002 -12"><span class='ocrx_word' id='word_1_117' title='bbox 117 1347 222 1396; x_wconf 87' lang='lat' dir='ltr'><strong>uxorium</strong></span> <span class='ocrx_word' id='word_1_118' title='bbox 237 1343 408 1391; x_wconf 80' lang='lat' dir='ltr'><strong>levamentum?</strong></span> <span class='ocrx_word' id='word_1_119' title='bbox 425 1343 459 1390; x_wconf 80' lang='lat' dir='ltr'><strong>At</strong></span> <span class='ocrx_word' id='word_1_120' title='bbox 475 1344 582 1404; x_wconf 83' lang='lat' dir='ltr'><strong>quasdam</strong></span> <span class='ocrx_word' id='word_1_121' title='bbox 599 1345 622 1391; x_wconf 91' lang='lat' dir='ltr'><strong>in</strong></span> <span class='ocrx_word' id='word_1_122' title='bbox 637 1345 781 1393; x_wconf 83' lang='lat' dir='ltr'><strong>ambitionem</strong></span> 
     </span>
     <span class='ocr_line' id='line_1_21' title="bbox 119 1408 782 1474; baseline 0 -16"><span class='ocrx_word' id='word_1_123' title='bbox 119 1418 158 1458; x_wconf 85' lang='lat' dir='ltr'><strong>aut</strong></span> <span class='ocrx_word' id='word_1_124' title='bbox 173 1410 287 1458; x_wconf 83' lang='lat' dir='ltr'><strong>avaritiam</strong></span> <span class='ocrx_word' id='word_1_125' title='bbox 303 1408 424 1470; x_wconf 82' lang='lat' dir='ltr'><strong>prolapsas.</strong></span> <span class='ocrx_word' id='word_1_126' title='bbox 456 1408 535 1464; x_wconf 80' lang='lat' dir='ltr'><strong>Quid?</strong></span> <span class='ocrx_word' id='word_1_127' title='bbox 551 1410 651 1471; x_wconf 90' lang='lat' dir='ltr'><strong>ipsorum</strong></span> <span class='ocrx_word' id='word_1_128' title='bbox 661 1410 782 1474; x_wconf 76' lang='lat' dir='ltr'><strong>magistra·</strong></span> 
     </span>
     <span class='ocr_line' id='line_1_22' title="bbox 117 1474 782 1535; baseline -0.003 -13"><span class='ocrx_word' id='word_1_129' title='bbox 117 1482 183 1523; x_wconf 89' lang='lat' dir='ltr'><strong>tuum</strong></span> <span class='ocrx_word' id='word_1_130' title='bbox 200 1488 275 1521; x_wconf 89' lang='lat' dir='ltr'><strong>nonne</strong></span> <span class='ocrx_word' id='word_1_131' title='bbox 290 1474 409 1535; x_wconf 83' lang='lat' dir='ltr'><strong>plerosque</strong></span> <span class='ocrx_word' id='word_1_132' title='bbox 424 1474 493 1520; x_wconf 72' lang='lat' dir='ltr'><strong>variis</strong></span> <span class='ocrx_word' id='word_1_133' title='bbox 510 1474 636 1522; x_wconf 86' lang='lat' dir='ltr'><strong>libidinibus</strong></span> <span class='ocrx_word' id='word_1_134' title='bbox 655 1474 782 1523; x_wconf 83' lang='lat' dir='ltr'><strong>obnoxios?</strong></span> 
     </span>
     <span class='ocr_line' id='line_1_23' title="bbox 118 1538 781 1601; baseline -0.002 -13"><span class='ocrx_word' id='word_1_135' title='bbox 118 1556 165 1588; x_wconf 90' lang='lat' dir='ltr'><strong>non</strong></span> <span class='ocrx_word' id='word_1_136' title='bbox 176 1547 251 1586; x_wconf 84' lang='lat' dir='ltr'><strong>tamen</strong></span> <span class='ocrx_word' id='word_1_137' title='bbox 259 1538 309 1585; x_wconf 91' lang='lat' dir='ltr'><strong>ideo</strong></span> <span class='ocrx_word' id='word_1_138' title='bbox 320 1538 432 1585; x_wconf 89' lang='lat' dir='ltr'><strong>neminem</strong></span> <span class='ocrx_word' id='word_1_139' title='bbox 443 1539 466 1584; x_wconf 91' lang='lat' dir='ltr'><strong>in</strong></span> <span class='ocrx_word' id='word_1_140' title='bbox 476 1540 615 1601; x_wconf 85' lang='lat' dir='ltr'><strong>provinciam</strong></span> <span class='ocrx_word' id='word_1_141' title='bbox 626 1541 693 1587; x_wconf 89' lang='lat' dir='ltr'><strong>mitti.</strong></span> <span class='ocrx_word' id='word_1_142' title='bbox 722 1539 781 1589; x_wconf 85' lang='lat' dir='ltr'><strong>Cor·</strong></span> 
     </span>
     <span class='ocr_line' id='line_1_24' title="bbox 119 1604 781 1668; baseline 0 -16"><span class='ocrx_word' id='word_1_143' title='bbox 119 1612 198 1668; x_wconf 86' lang='lat' dir='ltr'><strong>ruptos</strong></span> <span class='ocrx_word' id='word_1_144' title='bbox 209 1618 269 1666; x_wconf 75' lang='lat' dir='ltr'><strong>saepe</strong></span> <span class='ocrx_word' id='word_1_145' title='bbox 277 1604 422 1666; x_wconf 71' lang='lat' dir='ltr'><strong>pravitatibus</strong></span> <span class='ocrx_word' id='word_1_146' title='bbox 431 1618 527 1650; x_wconf 86' lang='lat' dir='ltr'><strong>uxorum</strong></span> <span class='ocrx_word' id='word_1_147' title='bbox 537 1605 643 1652; x_wconf 85' lang='lat' dir='ltr'><strong>maritos:</strong></span> <span class='ocrx_word' id='word_1_148' title='bbox 662 1620 718 1651; x_wconf 88' lang='lat' dir='ltr'><strong>num</strong></span> <span class='ocrx_word' id='word_1_149' title='bbox 725 1621 781 1668; x_wconf 78' lang='lat' dir='ltr'><strong>ergo</strong></span> 
     </span>
     <span class='ocr_line' id='line_1_25' title="bbox 119 1668 782 1733; baseline -0.002 -16"><span class='ocrx_word' id='word_1_150' title='bbox 119 1684 199 1717; x_wconf 87' lang='lat' dir='ltr'><strong>omues</strong></span> <span class='ocrx_word' id='word_1_151' title='bbox 210 1669 301 1715; x_wconf 88' lang='lat' dir='ltr'><strong>coelibes</strong></span> <span class='ocrx_word' id='word_1_152' title='bbox 311 1668 427 1730; x_wconf 76' lang='lat' dir='ltr'><strong>integros?</strong></span> <span class='ocrx_word' id='word_1_153' title='bbox 446 1668 562 1716; x_wconf 83' lang='lat' dir='ltr'><strong>Placuisse</strong></span> <span class='ocrx_word' id='word_1_154' title='bbox 571 1671 684 1730; x_wconf 87' lang='lat' dir='ltr'><strong>quondam</strong></span> <span class='ocrx_word' id='word_1_155' title='bbox 696 1670 782 1733; x_wconf 85' lang='lat' dir='ltr'><strong>Oppias</strong></span> 
     </span>
     <span class='ocr_line' id='line_1_26' title="bbox 118 1734 782 1796; baseline 0 -14"><span class='ocrx_word' id='word_1_156' title='bbox 118 1735 188 1795; x_wconf 84' lang='lat' dir='ltr'><strong>leges,</strong></span> <span class='ocrx_word' id='word_1_157' title='bbox 196 1734 228 1780; x_wconf 91' lang='lat' dir='ltr'><strong>sic</strong></span> <span class='ocrx_word' id='word_1_158' title='bbox 236 1734 371 1796; x_wconf 84' lang='lat' dir='ltr'><strong>temporibus</strong></span> <span class='ocrx_word' id='word_1_159' title='bbox 378 1734 469 1796; x_wconf 83' lang='lat' dir='ltr'><strong>reipubl.</strong></span> <span class='ocrx_word' id='word_1_160' title='bbox 475 1734 648 1795; x_wconf 81' lang='lat' dir='ltr'><strong>postulantibus:</strong></span> <span class='ocrx_word' id='word_1_161' title='bbox 663 1735 782 1782; x_wconf 78' lang='lat' dir='ltr'><strong>remissum</strong></span> 
     </span>
     <span class='ocr_line' id='line_1_27' title="bbox 119 1798 781 1861; baseline 0.003 -16"><span class='ocrx_word' id='word_1_162' title='bbox 119 1798 202 1859; x_wconf 85' lang='lat' dir='ltr'><strong>aliquid</strong></span> <span class='ocrx_word' id='word_1_163' title='bbox 211 1805 295 1859; x_wconf 86' lang='lat' dir='ltr'><strong>postea,</strong></span> <span class='ocrx_word' id='word_1_164' title='bbox 307 1804 330 1844; x_wconf 92' lang='lat' dir='ltr'><strong>et</strong></span> <span class='ocrx_word' id='word_1_165' title='bbox 340 1799 475 1860; x_wconf 80' lang='lat' dir='ltr'><strong>mitigatum,</strong></span> <span class='ocrx_word' id='word_1_166' title='bbox 486 1799 538 1860; x_wconf 85' lang='lat' dir='ltr'><strong>qnia</strong></span> <span class='ocrx_word' id='word_1_167' title='bbox 547 1801 676 1861; x_wconf 83' lang='lat' dir='ltr'><strong>expedierit.</strong></span> <span class='ocrx_word' id='word_1_168' title='bbox 710 1799 781 1847; x_wconf 84' lang='lat' dir='ltr'><strong>Frus-</strong></span> 
     </span>
     <span class='ocr_line' id='line_1_28' title="bbox 118 1863 780 1924; baseline 0.002 -14"><span class='ocrx_word' id='word_1_169' title='bbox 118 1869 154 1910; x_wconf 90' lang='lat' dir='ltr'><strong>tra</strong></span> <span class='ocrx_word' id='word_1_170' title='bbox 171 1870 271 1909; x_wconf 83' lang='lat' dir='ltr'><strong>nostram</strong></span> <span class='ocrx_word' id='word_1_171' title='bbox 289 1863 402 1924; x_wconf 74' lang='lat' dir='ltr'><strong>ignavim</strong></span> <span class='ocrx_word' id='word_1_172' title='bbox 421 1864 464 1909; x_wconf 87' lang='lat' dir='ltr'><strong>alia</strong></span> <span class='ocrx_word' id='word_1_173' title='bbox 483 1864 510 1911; x_wconf 88' lang='lat' dir='ltr'><strong>ad</strong></span> <span class='ocrx_word' id='word_1_174' title='bbox 524 1865 633 1910; x_wconf 89' lang='lat' dir='ltr'><strong>vocabuia</strong></span> <span class='ocrx_word' id='word_1_175' title='bbox 649 1864 780 1912; x_wconf 70' lang='lat' dir='ltr'><strong>transferri:</strong></span> 
     </span>
     <span class='ocr_line' id='line_1_29' title="bbox 119 1927 779 1989; baseline 0.002 -14"><span class='ocrx_word' id='word_1_176' title='bbox 119 1943 173 1975; x_wconf 88' lang='lat' dir='ltr'><strong>nam</strong></span> <span class='ocrx_word' id='word_1_177' title='bbox 184 1929 226 1975; x_wconf 91' lang='lat' dir='ltr'><strong>viri</strong></span> <span class='ocrx_word' id='word_1_178' title='bbox 236 1928 260 1973; x_wconf 92' lang='lat' dir='ltr'><strong>in</strong></span> <span class='ocrx_word' id='word_1_179' title='bbox 275 1942 302 1975; x_wconf 89' lang='lat' dir='ltr'><strong>eo</strong></span> <span class='ocrx_word' id='word_1_180' title='bbox 317 1927 412 1989; x_wconf 86' lang='lat' dir='ltr'><strong>culpam,</strong></span> <span class='ocrx_word' id='word_1_181' title='bbox 432 1929 450 1974; x_wconf 87' lang='lat' dir='ltr'><strong>si</strong></span> <span class='ocrx_word' id='word_1_182' title='bbox 465 1927 550 1975; x_wconf 82' lang='lat' dir='ltr'><strong>femina</strong></span> <span class='ocrx_word' id='word_1_183' title='bbox 564 1929 656 1975; x_wconf 90' lang='lat' dir='ltr'><strong>modurn</strong></span> <span class='ocrx_word' id='word_1_184' title='bbox 669 1930 779 1976; x_wconf 80' lang='lat' dir='ltr'><strong>excedat:</strong></span> 
     </span>
     <span class='ocr_line' id='line_1_30' title="bbox 118 1992 783 2055; baseline 0.003 -15"><span class='ocrx_word' id='word_1_185' title='bbox 118 2008 186 2055; x_wconf 87' lang='lat' dir='ltr'><strong>porro</strong></span> <span class='ocrx_word' id='word_1_186' title='bbox 197 1994 226 2040; x_wconf 93' lang='lat' dir='ltr'><strong>ob</strong></span> <span class='ocrx_word' id='word_1_187' title='bbox 236 1993 303 2039; x_wconf 91' lang='lat' dir='ltr'><strong>unius</strong></span> <span class='ocrx_word' id='word_1_188' title='bbox 313 1998 352 2038; x_wconf 90' lang='lat' dir='ltr'><strong>aut</strong></span> <span class='ocrx_word' id='word_1_189' title='bbox 362 1992 453 2038; x_wconf 82' lang='lat' dir='ltr'><strong>alterius</strong></span> <span class='ocrx_word' id='word_1_190' title='bbox 465 1993 601 2039; x_wconf 87' lang='lat' dir='ltr'><strong>imbecillum</strong></span> <span class='ocrx_word' id='word_1_191' title='bbox 612 1995 712 2041; x_wconf 89' lang='lat' dir='ltr'><strong>animum</strong></span> <span class='ocrx_word' id='word_1_192' title='bbox 723 1994 783 2042; x_wconf 83' lang='lat' dir='ltr'><strong>male</strong></span> 
     </span>
     <span class='ocr_line' id='line_1_31' title="bbox 119 2057 782 2120; baseline 0.002 -15"><span class='ocrx_word' id='word_1_193' title='bbox 119 2059 174 2120; x_wconf 90' lang='lat' dir='ltr'><strong>eripi</strong></span> <span class='ocrx_word' id='word_1_194' title='bbox 190 2058 275 2104; x_wconf 84' lang='lat' dir='ltr'><strong>maritis</strong></span> <span class='ocrx_word' id='word_1_195' title='bbox 291 2057 404 2102; x_wconf 89' lang='lat' dir='ltr'><strong>consortia</strong></span> <span class='ocrx_word' id='word_1_196' title='bbox 420 2072 494 2103; x_wconf 91' lang='lat' dir='ltr'><strong>rerum</strong></span> <span class='ocrx_word' id='word_1_197' title='bbox 511 2058 659 2105; x_wconf 85' lang='lat' dir='ltr'><strong>secundarum</strong></span> <span class='ocrx_word' id='word_1_198' title='bbox 676 2060 782 2106; x_wconf 83' lang='lat' dir='ltr'><strong>adversa·</strong></span> 
     </span>
     <span class='ocr_line' id='line_1_32' title="bbox 118 2120 783 2183; baseline 0.003 -15"><span class='ocrx_word' id='word_1_199' title='bbox 118 2138 220 2183; x_wconf 87' lang='lat' dir='ltr'><strong>rumque.</strong></span> <span class='ocrx_word' id='word_1_200' title='bbox 253 2121 326 2168; x_wconf 87' lang='lat' dir='ltr'><strong>Simui</strong></span> <span class='ocrx_word' id='word_1_201' title='bbox 339 2135 418 2167; x_wconf 86' lang='lat' dir='ltr'><strong>sexum</strong></span> <span class='ocrx_word' id='word_1_202' title='bbox 433 2120 512 2167; x_wconf 81' lang='lat' dir='ltr'><strong>naturd</strong></span> <span class='ocrx_word' id='word_1_203' title='bbox 526 2122 649 2169; x_wconf 84' lang='lat' dir='ltr'><strong>invalidum</strong></span> <span class='ocrx_word' id='word_1_204' title='bbox 663 2124 743 2178; x_wconf 78' lang='lat' dir='ltr'><strong>deseri,</strong></span> <span class='ocrx_word' id='word_1_205' title='bbox 759 2130 783 2170; x_wconf 88' lang='lat' dir='ltr'><strong>et</strong></span> 
     </span>
     <span class='ocr_line' id='line_1_33' title="bbox 118 2185 784 2250; baseline 0 -16"><span class='ocrx_word' id='word_1_206' title='bbox 118 2189 200 2250; x_wconf 86' lang='lat' dir='ltr'><strong>exponi</strong></span> <span class='ocrx_word' id='word_1_207' title='bbox 219 2201 260 2234; x_wconf 91' lang='lat' dir='ltr'><strong>suo</strong></span> <span class='ocrx_word' id='word_1_208' title='bbox 276 2187 337 2240; x_wconf 80' lang='lat' dir='ltr'><strong>luxu,</strong></span> <span class='ocrx_word' id='word_1_209' title='bbox 353 2185 492 2246; x_wconf 83' lang='lat' dir='ltr'><strong>cupidinibus</strong></span> <span class='ocrx_word' id='word_1_210' title='bbox 508 2187 598 2233; x_wconf 85' lang='lat' dir='ltr'><strong>olienis:</strong></span> <span class='ocrx_word' id='word_1_211' title='bbox 618 2189 658 2234; x_wconf 84' lang='lat' dir='ltr'><strong>vix</strong></span> <span class='ocrx_word' id='word_1_212' title='bbox 676 2189 784 2250; x_wconf 82' lang='lat' dir='ltr'><strong>praesenti</strong></span> 
     </span>
     <span class='ocr_line' id='line_1_34' title="bbox 118 2249 784 2315; baseline 0 -16"><span class='ocrx_word' id='word_1_213' title='bbox 118 2249 220 2299; x_wconf 79' lang='lat' dir='ltr'><strong>custodid</strong></span> <span class='ocrx_word' id='word_1_214' title='bbox 236 2265 327 2297; x_wconf 82' lang='lat' dir='ltr'><strong>manere</strong></span> <span class='ocrx_word' id='word_1_215' title='bbox 343 2249 414 2297; x_wconf 86' lang='lat' dir='ltr'><strong>illaesa</strong></span> <span class='ocrx_word' id='word_1_216' title='bbox 430 2253 549 2313; x_wconf 82' lang='lat' dir='ltr'><strong>conjugia:</strong></span> <span class='ocrx_word' id='word_1_217' title='bbox 568 2252 622 2313; x_wconf 90' lang='lat' dir='ltr'><strong>quid</strong></span> <span class='ocrx_word' id='word_1_218' title='bbox 635 2252 689 2307; x_wconf 84' lang='lat' dir='ltr'><strong>fore,</strong></span> <span class='ocrx_word' id='word_1_219' title='bbox 707 2254 726 2299; x_wconf 88' lang='lat' dir='ltr'><strong>si</strong></span> <span class='ocrx_word' id='word_1_220' title='bbox 743 2267 784 2315; x_wconf 88' lang='lat' dir='ltr'><strong>per</strong></span> 
     </span>
     <span class='ocr_line' id='line_1_35' title="bbox 118 2315 782 2378; baseline 0.006 -17"><span class='ocrx_word' id='word_1_221' title='bbox 118 2317 194 2378; x_wconf 89' lang='lat' dir='ltr'><strong>plures</strong></span> <span class='ocrx_word' id='word_1_222' title='bbox 209 2331 285 2369; x_wconf 85' lang='lat' dir='ltr'><strong>annos,</strong></span> <span class='ocrx_word' id='word_1_223' title='bbox 305 2316 329 2360; x_wconf 91' lang='lat' dir='ltr'><strong>in</strong></span> <span class='ocrx_word' id='word_1_224' title='bbox 344 2315 436 2361; x_wconf 89' lang='lat' dir='ltr'><strong>modum</strong></span> <span class='ocrx_word' id='word_1_225' title='bbox 453 2317 546 2371; x_wconf 81' lang='lat' dir='ltr'><strong>discidii,</strong></span> <span class='ocrx_word' id='word_1_226' title='bbox 566 2317 725 2364; x_wconf 81' lang='lat' dir='ltr'><strong>obliterentur?</strong></span> <span class='ocrx_word' id='word_1_227' title='bbox 744 2318 782 2365; x_wconf 88' lang='lat' dir='ltr'><strong>Sic</strong></span> 
     </span>
     <span class='ocr_line' id='line_1_36' title="bbox 119 2380 782 2445; baseline 0.003 -19"><span class='ocrx_word' id='word_1_228' title='bbox 119 2381 207 2427; x_wconf 81' lang='lat' dir='ltr'><strong>obviam</strong></span> <span class='ocrx_word' id='word_1_229' title='bbox 218 2381 277 2426; x_wconf 89' lang='lat' dir='ltr'><strong>irent</strong></span> <span class='ocrx_word' id='word_1_230' title='bbox 287 2380 321 2434; x_wconf 88' lang='lat' dir='ltr'><strong>iis,</strong></span> <span class='ocrx_word' id='word_1_231' title='bbox 332 2395 383 2440; x_wconf 89' lang='lat' dir='ltr'><strong>quae</strong></span> <span class='ocrx_word' id='word_1_232' title='bbox 391 2381 441 2427; x_wconf 78' lang='lat' dir='ltr'><strong>alibi</strong></span> <span class='ocrx_word' id='word_1_233' title='bbox 448 2389 599 2442; x_wconf 83' lang='lat' dir='ltr'><strong>peccarentur,</strong></span> <span class='ocrx_word' id='word_1_234' title='bbox 611 2389 637 2428; x_wconf 88' lang='lat' dir='ltr'><strong>nt</strong></span> <span class='ocrx_word' id='word_1_235' title='bbox 643 2381 782 2445; x_wconf 84' lang='lat' dir='ltr'><strong>flagitiorum</strong></span> 
     </span>
     <span class='ocr_line' id='line_1_37' title="bbox 120 2445 781 2508; baseline 0.005 -17"><span class='ocrx_word' id='word_1_236' title='bbox 120 2445 191 2491; x_wconf 87' lang='lat' dir='ltr'><strong>Urbis</strong></span> <span class='ocrx_word' id='word_1_237' title='bbox 204 2445 366 2491; x_wconf 83' lang='lat' dir='ltr'><strong>meminissent.</strong></span> <span class='ocrx_word' id='word_1_238' title='bbox 399 2445 491 2492; x_wconf 82' lang='lat' dir='ltr'><strong>Addidit</strong></span> <span class='ocrx_word' id='word_1_239' title='bbox 501 2460 572 2508; x_wconf 85' lang='lat' dir='ltr'><strong>pauca</strong></span> <span class='ocrx_word' id='word_1_240' title='bbox 583 2446 675 2494; x_wconf 85' lang='lat' dir='ltr'><strong>Drusus</strong></span> <span class='ocrx_word' id='word_1_241' title='bbox 690 2448 719 2493; x_wconf 92' lang='lat' dir='ltr'><strong>de</strong></span> <span class='ocrx_word' id='word_1_242' title='bbox 732 2462 781 2494; x_wconf 82' lang='lat' dir='ltr'><strong>mn·</strong></span> 
     </span>
     <span class='ocr_line' id='line_1_38' title="bbox 118 2510 781 2573; baseline 0.002 -16"><span class='ocrx_word' id='word_1_243' title='bbox 118 2510 224 2558; x_wconf 90' lang='lat' dir='ltr'><strong>trimonio</strong></span> <span class='ocrx_word' id='word_1_244' title='bbox 236 2525 295 2556; x_wconf 73' lang='lat' dir='ltr'><strong>suot</strong></span> <span class='ocrx_word' id='word_1_245' title='bbox 310 2524 361 2556; x_wconf 83' lang='lat' dir='ltr'><strong>nam</strong></span> <span class='ocrx_word' id='word_1_246' title='bbox 371 2511 506 2572; x_wconf 90' lang='lat' dir='ltr'><strong>principibus</strong></span> <span class='ocrx_word' id='word_1_247' title='bbox 520 2511 621 2558; x_wconf 80' lang='lat' dir='ltr'><strong>adeunda</strong></span> <span class='ocrx_word' id='word_1_248' title='bbox 635 2513 718 2573; x_wconf 88' lang='lat' dir='ltr'><strong>saepius</strong></span> <span class='ocrx_word' id='word_1_249' title='bbox 729 2513 781 2559; x_wconf 90' lang='lat' dir='ltr'><strong>ion·</strong></span> 
     </span>
     <span class='ocr_line' id='line_1_39' title="bbox 129 2575 790 2643; baseline -0.009 -19"><span class='ocrx_word' id='word_1_250' title='bbox 129 2575 197 2641; x_wconf 81' lang='lat' dir='ltr'><strong>&#39;nqua</strong></span> <span class='ocrx_word' id='word_1_251' title='bbox 207 2577 307 2643; x_wconf 90' lang='lat' dir='ltr'><strong>imperii.</strong></span> <span class='ocrx_word' id='word_1_252' title='bbox 342 2575 444 2632; x_wconf 79' lang='lat' dir='ltr'><strong>Quoties</strong></span> <span class='ocrx_word' id='word_1_253' title='bbox 454 2575 490 2622; x_wconf 82' lang='lat' dir='ltr'><strong>D.</strong></span> <span class='ocrx_word' id='word_1_254' title='bbox 500 2575 669 2638; x_wconf 64' lang='lat' dir='ltr'><strong>Augustum‘m</strong></span> <span class='ocrx_word' id='word_1_255' title='bbox 675 2576 790 2619; x_wconf 65' lang='lat' dir='ltr'><strong>uenum-</strong></span> 
     </span>
    </p>

    <p class='ocr_par' dir='ltr' id='par_1_6' title="bbox 172 2633 808 2710">
     <span class='ocr_line' id='line_1_40' title="bbox 172 2633 808 2710; baseline -0.022 -17"><span class='ocrx_word' id='word_1_256' title='bbox 172 2652 247 2710; x_wconf 86' lang='lat' dir='ltr'><strong>stque</strong></span> <span class='ocrx_word' id='word_1_257' title='bbox 267 2645 396 2696; x_wconf 86' lang='lat' dir='ltr'><strong>Orientem</strong></span> <span class='ocrx_word' id='word_1_258' title='bbox 418 2641 544 2697; x_wconf 76' lang='lat' dir='ltr'><strong>meavisse,</strong></span> <span class='ocrx_word' id='word_1_259' title='bbox 565 2638 653 2685; x_wconf 68' lang='lat' dir='ltr'><strong>condite</strong></span> <span class='ocrx_word' id='word_1_260' title='bbox 666 2633 757 2680; x_wconf 59' lang='lat' dir='ltr'><strong>Eximi</strong></span> <span class='ocrx_word' id='word_1_261' title='bbox 780 2648 808 2679; x_wconf 73' lang='lat' dir='ltr'><strong>re</strong></span> 
     </span>
    </p>
   </div>
   <div class='ocr_carea' id='block_1_4' title="bbox 0 0 847 2910">
    <p class='ocr_par' dir='ltr' id='par_1_7' title="bbox 0 0 847 2910">
     <span class='ocr_line' id='line_1_41' title="bbox 0 0 847 2910; baseline 0 0"><span class='ocrx_word' id='word_1_262' title='bbox 0 0 847 2910; x_wconf 95' lang='lat' dir='ltr'><strong> </strong></span> 
     </span>
    </p>
   </div>
  </div>
 </body>
</html>
