1680 2910
63 213 117 253 J.C.
129 216 161 257 37.
239 208 291 257 Lm.
303 208 362 257 VII.
380 210 579 258 ANNALIUM.
676 215 724 258 223

67 340 212 396 niiicentiam,
233 341 325 402 alisque,
346 342 459 404 superiore
477 343 610 404 principatu,
629 357 679 390 rara
694 342 733 390 rel

67 409 154 468 ignota,
166 421 232 454 curas
243 421 322 453 omncs
333 413 479 454 convertam:
499 407 609 454 sublatum
626 407 732 469 majesta·

66 472 97 519 tis
107 471 207 518 crimen:
222 473 262 534 jus
271 486 354 518 novum
367 471 395 517 de
406 486 521 519 servorum
535 473 558 518 in
569 472 654 519 domini
665 477 733 534 caput

67 537 194 596 quaestione
205 552 250 582 non
259 536 327 583 modo
335 537 480 597 antiquatum,
492 537 532 584 sed
541 543 565 582 et
573 536 653 583 mulier
663 536 731 582 liber-

69 602 125 654 tina,
143 600 210 660 quod,
226 602 345 647 tormentis
360 603 493 656 excruciata,
511 602 539 648 de
551 602 634 648 scelere
644 601 734 663 patroni

69 667 205 723 reticuisset,
220 666 337 727 octoginta
346 666 452 713 millibus
460 666 587 713 sestertium
598 666 681 713 donata
691 672 734 712 est.

68 729 202 777 Edebantur
216 730 279 787 ludi;
296 731 422 792 regaliaque
435 731 547 792 impendia
562 731 644 791 passim
656 737 732 777 osten·

68 796 180 842 tabautur.
193 794 312 842 Interhaec
324 796 457 856 speciosiora
467 803 622 855 tamen‚quam
634 794 733 841 laudabi-

68 861 133 913 liora,
145 861 238 922 egregia
248 875 294 906 vox
309 861 406 906 excidit:
426 861 524 908 oblatum
542 861 602 905 enim
619 858 647 906 de
663 860 735 906 salute

69 923 112 971 sual
121 925 221 972 libellum
239 940 284 971 nou
300 925 382 986 recepit
400 925 511 986 princeps,
530 924 584 970 nibil
599 925 639 970 sibi
650 924 734 970 admis-

71 1005 122 1036 sum
133 985 244 1045 dictitans,
261 1005 301 1036 cur
312 990 415 1049 cuiquam
427 990 513 1036 invisus
525 996 598 1036 esset:
619 1003 692 1049 neque
708 1003 734 1035 se

71 1054 206 1101 delatoribus
217 1069 281 1101 aures
292 1055 380 1100 habere.

106 1117 223 1182 [Quaesitis
232 1134 322 1179 quoque
333 1133 362 1165 ex
372 1119 482 1180 religione
490 1118 660 1171 commendatio.
676 1115 735 1164 Ter·

71 1184 104 1229 tio
125 1181 236 1231 Calendas
256 1184 406 1245 Septembres,
423 1185 539 1245 templum,
556 1183 616 1243 quod
627 1182 735 1244 Augusto

72 1247 178 1294 Tiberius
188 1255 306 1303 struxerat,
325 1265 338 1296 a
350 1246 414 1302 Caio,
433 1248 560 1309 triumphali
571 1253 635 1294 veste
650 1247 735 1302 induto,

72 1313 198 1359 dedicatum
209 1320 251 1365 est,
260 1314 383 1376 uirginibus
393 1314 511 1375 puerisque
517 1312 661 1358 nobilissimis
668 1312 736 1372 bym-

73 1392 134 1424 num·
145 1379 291 1426 cantantibus.
324 1378 402 1439 Atque
417 1385 442 1424 ut
459 1377 595 1424 sollennibus
612 1376 681 1423 sacris
698 1391 735 1423 ce·

72 1443 198 1488 lebritatem
210 1443 307 1497 adderet,
324 1444 417 1497 senatui,
434 1443 575 1504 equestrique
586 1441 667 1494 ordini,
679 1455 735 1488 con·

69 1508 163 1570 jugibus
185 1509 252 1553 etiam
271 1523 297 1554 ac
316 1508 390 1554 liberis
412 1507 614 1570 splendidissimum
637 1506 736 1568 epulum,

74 1572 213 1632 congiarium
224 1572 307 1634 populo
318 1579 420 1619 trecenos
435 1572 554 1626 sestertios,
566 1572 633 1623 dedit,
667 1569 735 1617 Hila-

74 1637 134 1682 ritati
150 1652 238 1696 quoque
254 1637 348 1698 publicae
365 1638 492 1699 omnigenis
507 1638 600 1684 musicae
618 1636 735 1682 concenti-

76 1701 126 1756 bus,
139 1703 271 1762 notatisque
282 1702 340 1748 ludis
351 1703 485 1748 consultum.

73 1808 75 1813 ,
109 1763 233 1828 [Postridie
254 1767 341 1812 laetiora
363 1766 435 1814 adbuc
456 1765 541 1813 rediere
560 1766 687 1827 spectacula
708 1765 738 1812 ob

74 1831 179 1892 principis
191 1831 295 1878 natalem.
329 1831 454 1894 Sejugibus,
466 1831 526 1892 quod
534 1831 617 1877 nemini
627 1832 737 1877 hacteuus
808 1885 809 1888 Ἰ

73 1903 211 1956 usurpatum,
231 1904 310 1942 vectus
327 1896 416 1957 prodiit.
450 1894 565 1944 Caeterum
577 1895 632 1941 nihil
644 1895 734 1949 oblitus,

74 1975 120 2019 qno
139 1961 270 2006 modestiam
280 1961 494 2022 popularitatemque
505 1966 630 2014 testaretur,
646 1975 675 2004 ne
687 1962 736 2019 sig·

75 2039 130 2070 num
139 2025 227 2084 quidem
238 2025 340 2071 ludorum
353 2026 419 2080 dedit,
435 2026 482 2086 ipse
493 2032 574 2078 tamen,
587 2025 735 2070 circumstan-

76 2088 136 2134 tibus
146 2090 257 2135 sororibus
269 2090 424 2150 sodalibusque
434 2089 604 2151 Augustalibus,
614 2094 736 2149 spectator:

73 2154 150 2199 vetitis
161 2155 271 2207 omnibus,
287 2170 338 2216 quae
352 2155 453 2201 laetitiam
469 2155 608 2212 imminuere,
623 2167 675 2212 quae
694 2167 735 2198 au-

75 2233 131 2278 gere
142 2225 240 2279 possent,
256 2221 377 2281 permissis.
409 2220 483 2280 Supra
499 2219 589 2264 solitum
601 2218 652 2277 equi
663 2223 736 2263 certa-

75 2279 136 2328 vere.
170 2280 292 2345 Interjecta
313 2285 385 2331 adhuc
407 2282 484 2345 Trojoe
502 2282 611 2336 decursio,
631 2289 737 2342 tantaque

75 2348 173 2400 venatio,
196 2355 222 2394 ut
240 2346 328 2396 CCCC
348 2349 401 2403 ursi,
420 2349 557 2408 totidemque
574 2347 625 2394 aliae
642 2345 737 2406 Libycae

76 2411 166 2464 belluae,
177 2413 291 2472 perierint.

110 2474 192 2540 [Urba
204 2478 380 2538 spectaculorum
392 2478 463 2532 avida,
472 2485 496 2524 et
506 2477 644 2524 renascentis
654 2475 739 2522 veteris

78 2542 203 2603 splendoris
213 2543 312 2604 imagine
320 2543 420 2604 superba,
429 2549 550 2606 conceptas
560 2540 749 2590 assemsum,

71 2615 97 2650 et
117 2607 248 2653 Germanici
265 2610 385 2671 sanguine,
407 2625 461 2675 spes
479 2622 624 2662 memorare,
642 2604 767 2662 ΨΜ*

59 2670 195 2726 praedicare.
231 2672 349 2736 Quisque,
359 2685 385 2726 ut
400 2679 506 2744 ingenio
516 2667 787 2730 coadunatum&

50 2731 160 2788 publicos
181 2736 287 2790 bonores
306 2747 482 2813 excogitabat.
519 2742 597 2794 lutea
614 2729 746 2802 pubium&
759 2713 807 2765 Q.

812 2791 817 2815 i
