1680 2910
76 155 92 198 6
173 142 365 194 ANNALIUM
382 141 435 191 Lrn.
447 142 468 193 Ι.
480 140 540 194 Cae.
551 149 575 194 9.
624 147 742 196 membr.

80 277 181 338 virgines
192 275 278 328 Vestae,
290 273 406 321 Tiberium
418 282 441 321 et
452 273 541 322 Liviam
552 276 652 323 haeredes
663 277 747 322 habuit.

83 343 151 390 Livia
167 342 191 386 in
207 339 313 387 familiam
330 338 414 387 Juliam
432 355 559 400 nomenque
579 342 691 402 Augustae
710 357 748 387 as-

84 407 227 455 sumebatur:
246 406 270 451 in
282 419 343 466 spem
355 405 482 458 secundam,
498 415 591 468 nepotes
601 413 748 468 pronepotes-

86 487 144 533 que:
163 470 229 516 tertio
241 470 312 530 gradu
326 471 435 528 primores
449 470 546 517 civitatis
560 471 684 533 scripserat,
701 471 749 530 ple·

86 550 168 595 rosque
176 535 260 581 invisos
269 534 315 587 sibi,
328 533 478 595 sedjaetantiri
485 534 601 596 gloriique
608 535 752 596 adpostcros.

89 600 178 662 Lefgata
189 614 234 644 nou
246 598 304 643 ultra
318 598 406 644 civilem
423 600 521 653 modum,
539 601 582 646 nisi
595 601 655 658 quod
668 599 752 660 populo

90 673 113 712 et
123 665 180 726 plebi
194 660 392 718 CCCCXXXV‚
406 665 560 724 praetoriarum
572 664 696 710 cohortium
709 664 751 709 rni-

88 730 165 778 litibus
174 728 265 788 singula
276 727 392 773 uummrlm
403 729 479 782 millia,
490 729 619 790 legionariis
628 726 701 781 CCC,
714 744 753 775 co-

89 794 192 842 hortibus
202 793 285 838 civium
293 791 448 838 Romanorum
461 791 572 842 CCCCC
583 808 687 840 nummos
698 793 754 838 viri·

91 861 133 906 tim
145 858 211 904 dedit.
243 856 304 903 Tum
316 858 464 904 consultatum
475 858 503 903 de
511 858 645 914 honoribus;
663 872 692 904 ex
704 854 755 917 quis

92 923 192 971 maxime
202 923 353 982 insignesvisi
360 939 367 978 ;
385 921 626 984 utporthriumpbali
638 923 755 968 duceretur

93 987 168 1042 funus,
184 986 264 1033 Gallus
275 985 380 1042 Asinium
395 995 420 1033 ut
429 988 506 1048 legum
516 988 611 1034 latarum
623 988 688 1039 tituli,
706 987 755 1032 vic·

93 1061 167 1099 tarum
178 1052 207 1097 ab
217 1066 244 1097 eo
254 1053 356 1112 gentium
367 1053 475 1098 vocabula
484 1052 653 1105 anteferrentur,
668 1051 696 1098 L.
707 1051 754 1096 Ar·

33 1116 35 1119 ’
94 1118 182 1164 runtius
193 1113 307 1163 censuere.
339 1116 443 1164 Addebat
454 1117 555 1164 Messala
566 1116 677 1169 Valerius,
688 1131 755 1161 reno·

31 1190 32 1195 ’
93 1182 192 1228 vandum
204 1197 243 1243 per
258 1195 329 1228 annos
345 1191 510 1228 sacramentum
524 1184 548 1227 in
563 1196 645 1227 nomen
657 1178 753 1226 Tiberii:

94 1248 290 1307 interrogatusque
297 1261 310 1291 a
318 1245 414 1300 Tiberio,
424 1261 478 1292 num
487 1262 512 1292 se
518 1246 638 1291 mandante
646 1246 695 1290 ea'm
704 1259 755 1290 sen·

95 1312 189 1359 tentiam
205 1309 352 1372 promsisset?
369 1317 448 1371 sponte
464 1310 552 1362 dixisse,
571 1309 698 1370 respondit;
717 1324 757 1356 ne·

95 1392 140 1437 que
151 1377 173 1422 in
185 1376 219 1429 iis,
230 1389 281 1434 quae
292 1375 319 1421 ad
330 1375 486 1435 rempublicam
497 1375 639 1435 pertinerent,
657 1375 758 1429 consilio,

98 1442 141 1488 uisi
152 1456 199 1491 suo,
218 1454 316 1492 usurum,
333 1439 370 1485 vel
383 1453 433 1484 cum
442 1439 541 1501 periculo
552 1437 688 1484 offensionis.
721 1439 758 1486 Ea

98 1507 146 1553 sola
158 1505 242 1566 species
252 1504 355 1550 adulandi
366 1510 486 1564 supererat.
520 1501 668 1550 Conclamant
676 1510 758 1565 patres,

98 1585 179 1631 corpus
190 1569 217 1614 ad
226 1583 306 1629 rogum
315 1569 414 1615 bumeris
425 1575 552 1615 senatorum
559 1567 682 1614 serendum.
711 1567 760 1615 Re·

98 1636 160 1683 misit
183 1631 262 1680 cosor
283 1633 396 1694 arroganti
417 1631 584 1689 moderatione;
609 1633 761 1694 populumque

97 1699 173 1746 edicto
183 1699 277 1751 monuit,
294 1713 329 1751 ne,
344 1702 370 1743 ut
383 1696 495 1757 quondum
512 1696 586 1743 nimiis
601 1698 679 1744 studiis
693 1697 760 1744 funus

98 1764 143 1810 divi
149 1762 165 1810 J
167 1763 203 1807 ulii
213 1759 345 1814 turbissent,
350 1762 381 1807 ita
386 1762 514 1823 Augustum
522 1762 546 1808 in
553 1761 602 1807 foro
610 1762 684 1822 potius
693 1777 760 1821 quam

55 1838 59 1848 ’
99 1830 123 1875 in
141 1825 228 1888 Campo
246 1825 335 1880 Martis,
355 1827 408 1872 sede
426 1824 540 1880 destinati,
560 1827 653 1873 cremari
671 1827 763 1873 vellent.

100 1892 149 1940 Die
164 1891 249 1938 funeris
264 1891 346 1936 milites
362 1890 424 1937 velut
438 1890 542 1951 praesidio
560 1888 648 1945 stetere,
665 1892 761 1937 multum

99 1957 248 2011 irridentibus,
268 1957 306 2015 qui
324 1956 366 2015 ipsi
382 1955 490 2009 viderant,
509 1955 590 2015 quique
606 1971 618 2002 a
634 1957 763 2016 parentibus

99 2028 239 2081 acceperant,
256 2020 314 2066 diem
325 2020 388 2066 illum
399 2020 461 2066 crudi
472 2020 544 2065 adhuc
555 2021 644 2074 servitii,
663 2027 686 2066 et
696 2021 762 2066 liber·

100 2086 154 2133 tatis
162 2086 297 2146 improspere
308 2085 415 2144 repetitae,
426 2096 477 2130 curn
489 2085 575 2131 occisus
583 2086 677 2132 dictator
686 2083 764 2133 Caesar

62 2180 76 2217 5
101 2151 152 2198 aliis
162 2151 290 2210 pessimum,
302 2149 351 2195 aliis
360 2149 532 2210 pulcherrimum
539 2150 626 2196 facinus
636 2151 761 2197 videretur:

63 2222 71 2233 ”
101 2229 163 2263 nunc
174 2229 250 2261 senem
260 2214 390 2275 principem,
401 2211 470 2273 longai
477 2212 583 2273 potentii,
592 2216 688 2276 provisis
695 2216 764 2260 etiam

99 2278 216 2337 liseredum
229 2279 251 2324 in
263 2279 421 2339 rempublicam
433 2278 517 2339 opibus,
531 2280 613 2325 amulio
625 2279 710 2325 scilicet
720 2279 763 2324 mi-

99 2343 161 2391 litari
172 2344 286 2398 tuendum,
298 2350 324 2389 ut
334 2344 447 2404 sepultura
457 2342 504 2405 ejus
515 2345 589 2404 quieta
596 2343 665 2392 soret.

99 2436 102 2441 ·
137 2405 183 2455 lX.
201 2406 291 2455 Multus
298 2409 350 2454 hinc
356 2409 405 2469 ipso
413 2408 441 2453 de
450 2406 556 2468 Augusto
563 2424 644 2461 sermo,
655 2407 767 2469 plerisque

103 2473 324 2527 vana-mirantibus:
342 2473 402 2533 quod
418 2473 476 2518 idem
489 2473 535 2519 dies
551 2474 636 2534 accepti
652 2473 765 2532 quondam

90 2536 188 2597 imperii
195 2539 310 2602 princeps,
328 2545 351 2587 et
365 2539 420 2586 vitae
431 2552 564 2600 supremus:
583 2537 646 2598 quod
657 2536 732 2582 dole
742 2537 773 2580 'un

71 2597 153 2674 ,demo
162 2609 191 2649 et
200 2605 315 2662 cubiculo,
333 2605 359 2655 in
372 2623 418 2671 quo
430 2612 498 2672 puter
510 2605 564 2668 ejus
574 2602 698 2651 uomitus,
711 2597 787 2642 *blm

60 2656 193 2720 &minet-
227 2669 363 2726 Numerus
382 2675 460 2728 etiam
477 2670 652 2724 consulatuum
666 2658 800 2712 celebrabe-
