1680 2910
59 143 115 184 nc.
124 141 157 186 16.
211 140 405 194 ANNALIUM
421 141 514 192 LmII.
530 140 636 194 Canis.
692 146 722 191 61

55 271 143 335 hetam
153 271 255 322 maneret
274 275 326 324 dein
337 275 409 322 coorti
417 282 440 323 et
446 275 544 336 undique
551 273 623 327 effusi,
634 272 729 320 trudunt

61 337 175 395 adversos
193 338 278 388 instant
293 341 429 395 cedentibus,
446 340 597 400 collectosque
607 340 630 385 in
642 339 726 394 orbem,

61 401 726 524 liifflffitir'liiru‘tlttttl‘ltfflt

63 538 90 579 nt
104 532 236 594 ingruentes
247 542 348 582 catervas
358 535 427 597 globo
442 534 585 596 frangerent3
602 540 669 594 atque
679 532 729 594 ipse

62 595 88 643 iu
98 597 244 646 densissimos
257 600 388 661 irrumpens,
405 600 520 662 congestis
530 599 588 654 telis,
599 607 622 644 et
633 596 729 645 suffosso

63 676 131 721 equo,
146 661 236 719 labitur,
253 678 280 711 sc
292 664 357 712 multi
374 665 481 711 nobilium
497 665 568 710 circas
587 670 682 711 caeteros
692 661 729 709 vis

63 738 106 773 stu
118 734 159 774 aut
174 729 268 789 equites,
284 744 337 776 cunr
355 729 463 777 Stertinio
474 728 612 790 AEmilioque
623 726 729 774 subveni·

64 798 137 847 entes,
195 793 247 840 culo
256 792 369 842 exemere.

100 793 263 915 leegm,
279 865 432 922 transgressus
447 858 573 920 Visurgim,
584 856 667 903 indicio
676 869 728 918 pen·

65 918 129 982 fugae
140 924 265 983 cognoscit,
276 924 386 971 delectum
397 925 425 970 ab
433 922 537 971 Arminio
547 924 622 969 locum
630 934 727 982 pugnes

66 987 201 1033 convenisse
211 994 235 1034 et
241 988 295 1035 alias
305 989 407 1036 rabones
414 989 437 1034 in
446 989 524 1036 silvam
533 986 629 1034 Herculi
635 998 731 1040 sacram,

37 1090 40 1095 .
67 1062 207 1112 ausurosque
230 1061 363 1100 nocturnam
384 1060 508 1100 castrorum
530 1050 730 1114 oppugnationem.

69 1112 157 1163 Habita
167 1116 235 1163 indici
244 1117 311 1174 tides3
329 1127 352 1164 et
368 1119 515 1164 cernebantur
528 1118 603 1178 igneas
623 1128 732 1176 suggres-

68 1179 133 1239 sique
143 1182 236 1243 propius
247 1182 403 1244 speculatores,
415 1183 485 1228 audiri
492 1181 606 1228 fremitum
614 1192 730 1239 equorum,

69 1243 217 1306 immensique
232 1255 256 1295 et
270 1248 376 1294 inconditi
391 1247 488 1309 agminis
504 1259 613 1298 murmur,
631 1239 735 1288 attulire.

69 1305 151 1370 Igitur,
159 1311 286 1373 propinquo
296 1326 390 1358 summae
400 1313 432 1359 rei
443 1311 576 1364 discrimine,
584 1306 733 1370 explorandos

69 1373 167 1421 militum
181 1378 269 1423 animos
279 1383 348 1432 ratus,
359 1391 456 1436 quonam
467 1376 491 1422 id
500 1375 568 1423 modo
576 1375 731 1433 incorruptum

68 1435 134 1494 soret,
146 1454 224 1487 secum
235 1442 346 1503 agitabat:
365 1440 479 1488 Tribunos
489 1447 513 1487 et
523 1439 666 1486 centuriones
680 1437 734 1482 laeta

70 1504 154 1565 saepius
168 1520 236 1566 quam
248 1513 362 1568 comperto
373 1508 488 1563 nuntiare3
503 1501 735 1551 libertorum-servilia

69 1567 176 1630 irrgenia;
194 1570 272 1617 amicis
282 1572 356 1618 inesse
366 1571 530 1627 adulationem
547 1570 566 1616 si
574 1568 653 1615 concio
663 1580 732 1613 voce·

70 1638 114 1688 tur,
128 1634 175 1681 illio
189 1650 285 1696 quoque,
301 1650 353 1697 quse
368 1637 433 1698 pauci
449 1635 561 1697 incipiant,
578 1633 676 1693 reliquos
692 1631 732 1678 ad·

69 1702 184 1760 strepere:
204 1701 293 1760 penitus
307 1701 431 1747 noscendas
446 1707 540 1754 mentes,
557 1713 608 1745 cum
621 1696 700 1743 secreti
712 1701 735 1741 et

70 1762 208 1819 incustoditi,
226 1766 285 1812 inter
301 1766 408 1813 militares
424 1766 491 1820 cibos,
509 1778 570 1828 spem
588 1770 627 1810 aut
647 1767 733 1807 metum

69 1827 203 1888 proferrent.

103 1891 179 1940 Xlll.
195 1893 271 1942 Nocte
279 1892 360 1956 coeptd,
369 1910 473 1957 egressus
482 1893 589 1956 augurali¹
600 1889 737 1953 perocculto

70 1962 95 2002 et
110 1958 217 2021 vigilibus
232 1961 317 2021 ignara,
334 1961 417 2007 comite
433 1974 484 2015 uno,
502 1963 619 2004 contectus
630 1957 735 2002 humeros

68 2019 142 2069 tenni
151 2023 216 2086 pelle,
228 2025 274 2071 adit
285 2032 408 2071 castrorum
419 2025 474 2079 vias,
486 2023 573 2070 adsistit
580 2020 735 2074 tabernaculis,

69 2084 196 2150 fruimrque
211 2088 272 2135 tamt
288 2089 336 2135 sui:
354 2104 406 2135 cum
418 2090 454 2135 hic
466 2088 602 2135 nobilitatem
615 2085 683 2140 ducis,
696 2084 735 2130 de-

70 2166 147 2199 corem
158 2153 220 2208 alius,
232 2154 321 2216 plurimi
332 2155 468 2216 patientiam,
477 2153 612 2203 comitatem,
621 2164 661 2211 per
672 2149 737 2203 seris,

70 2231 111 2279 per
116 2218 184 2279 jocos
195 2219 299 2265 eumdem
310 2220 416 2276 animum,
427 2218 528 2264 laudibus
537 2217 629 2268 ferrent,
640 2214 735 2261 redden·

71 2281 169 2343 demque
179 2284 275 2344 gratiam
293 2284 316 2330 in
332 2284 387 2340 acie,
398 2283 536 2330 faterenturs
555 2281 628 2334 simul,
639 2277 735 2341 perfidos

71 2352 97 2393 et
107 2355 211 2409 ruptores
221 2349 284 2409 pacis
292 2348 371 2395 ultioni
382 2356 406 2395 et
416 2348 496 2410 gloriae
506 2346 644 2392 mactandos.
673 2340 737 2390 Inter

71 2426 125 2473 quse
141 2426 202 2459 unus
218 2413 322 2468 hostium,
338 2411 428 2460 Latinae
443 2413 529 2474 linguae
543 2411 623 2464 sciens,
640 2415 692 2455 acto
709 2408 737 2454 ad

72 2476 159 2523 vallum
171 2492 236 2539 equo,
247 2493 305 2525 voce
315 2475 405 2541 magni,
417 2479 526 2541 conjuges
541 2482 567 2521 et
580 2489 651 2537 agros
659 2479 686 2518 et
699 2473 744 2516 sti-

70 2540 149 2603 pendii
158 2543 183 2588 ln
193 2542 246 2598 dies
262 2543 336 2592 donec
351 2545 485 2605 bellaretur,
502 2540 626 2592 sestertios
636 2544 766 2586 centenum

63 2605 87 2649 '¹'
95 2606 147 2665 4⁸5⁸
154 2607 328 2673 fsssstfitgisaeb
341 2613 451 2664 Arminii
460 2613 565 2664 nomine
574 2607 716 2674 pollicetur.
729 2592 782 2668 bn·

53 2668 132 2716 ffldii
148 2684 178 2721 α
194 2679 346 2733 contumelia
367 2683 503 2752 legionum
521 2682 590 2731 inse
613 2668 717 2722 ueniret
735 2658 808 2708 We
