1680 2910
50 131 72 170 J.
81 131 104 170 C.
116 134 150 170 at.
229 125 282 174 Lm.
293 126 339 174 IX.
358 127 556 178 ANNALIUM.
672 136 718 181 sis

55 260 123 306 cundi
143 259 252 314 assiduus,
274 275 435 321 nonnunquam
455 276 468 306 a
487 261 623 323 praescriptis
641 262 720 325 legum

54 324 189 378 discedebat,
209 324 342 384 quandoque
353 340 382 370 ex
392 327 452 372 bono
463 333 487 372 et
498 341 570 387 aequo,
590 327 673 389 aaepius
683 329 720 374 in·

53 389 159 436 consulti
178 390 246 435 animi
265 390 363 443 levitate,
383 396 406 435 et
417 391 501 437 amenti
520 391 604 438 similis
639 391 720 440 Novas

53 462 131 502 tamen
140 455 203 516 leges
214 454 319 509 condidit,
330 446 373 500 sud
383 455 485 510 utilitate,
496 456 602 518 principis
613 457 721 504 civilitate

53 521 164 583 probatas.
197 519 308 565 Rectores
327 519 387 564 enim
405 519 577 581 provinciarum,
595 522 679 569 diutius
696 523 721 569 in

56 585 120 633 Urbe
141 585 224 630 morari
246 584 331 638 solitos,
343 583 412 646 jussit
433 585 457 630 in
478 600 517 632 eas
535 594 588 633 ante
608 585 722 634 Calendas

53 650 147 712 Apriles
157 648 281 710 proficisci:
301 649 368 694 simul
382 650 454 696 vetuit
470 665 499 697 ne
516 651 556 696 sibi
571 667 613 712 pro
630 650 722 714 accepti

55 715 167 792 dignitate
182 715 267 776 gratias
285 720 392 775 agerent3
409 714 523 775 proiessus
540 731 564 762 se
580 717 721 779 principem

54 781 116 842 ipsos
127 795 177 826 esse
187 779 323 841 principatils
330 779 455 842 adjutores.
469 780 528 842 apud
537 795 562 826 sc
568 782 663 842 gratiam
671 782 721 830 lau·

56 845 152 905 demque
168 852 279 900 nacturos,
304 844 323 890 si
340 859 368 889 ex
387 845 513 906 provinciis,
536 845 610 892 officio
629 847 722 910 egregie

56 909 175 972 perfuncti,
188 917 359 957 reverterentur.
386 909 474 972 Legem
486 910 579 973 Papiam
591 910 656 974 Popp
657 927 721 968 aeam,

56 991 72 1022 ιι
81 973 188 1021 Tiberio'
178 991 227 1038 Jam
239 975 354 1029 mollitam,
364 975 437 1021 sedin
449 977 492 1022 boc
504 975 573 1024 Urbis
584 977 639 1024 luxu
648 977 722 1024 adhuc

56 1041 191 1104 graviorem,
203 1041 331 1088 moderatus
342 1047 390 1097 est;
403 1047 426 1086 et
437 1043 601 1102 sexagenarios,
613 1042 651 1104 qui
662 1057 721 1090 uxo·

56 1120 105 1153 reru
116 1104 308 1168 quinquagenarib
315 1106 423 1153 minorem
433 1106 547 1161 ducerent,
558 1106 663 1154 coelibum
670 1122 721 1170 poe-

58 1172 95 1218 nis
106 1173 198 1218 exemit.
223 1170 318 1232 Pupillis
329 1171 446 1227 consuluit,
458 1186 581 1232 eorumque
592 1171 670 1218 tutetae
681 1188 721 1220 cu·

58 1251 115 1290 ram,
131 1236 186 1283 olim
201 1237 335 1298 praetoribus
351 1237 500 1291 commissam,
517 1237 645 1284 consulibus
656 1251 722 1284 man·

58 1301 129 1348 davit.
161 1302 200 1348 Ad
210 1302 261 1348 lites
272 1316 360 1363 quoque
374 1302 529 1363 expediendas,
548 1317 622 1349 rerum
639 1309 721 1356 actum,

59 1367 156 1414 divisum
174 1374 240 1414 antea
249 1369 273 1413 in
285 1367 388 1413 bibemos
402 1368 538 1444 aestivosque
553 1382 649 1422 menses,
667 1382 722 1413 con·

55 1431 140 1495 junxit.
155 1431 257 1479 Demum
268 1448 297 1480 ne
307 1434 395 1510 publica
404 1433 500 1495 pecunia
510 1433 598 1494 periret,
609 1440 655 1480 tres
663 1448 722 1495 prae·

59 1497 130 1544 torios
148 1498 215 1552 viros,
232 1499 270 1558 qui
287 1499 365 1546 aerario
380 1498 453 1544 debita
468 1499 595 1560 exigerent,
610 1499 722 1545 instituitr

59 1562 140 1608 additis
155 1558 275 1618 lictoribus,
292 1571 318 1610 ut
333 1571 444 1611 cresceret
459 1563 563 1625 dignitas.
596 1563 635 1609 Ad
650 1563 726 1611 divina

59 1642 150 1688 quoque
169 1643 298 1704 conversus,
319 1629 412 1683 Urbem,
427 1629 561 1690 religionum
581 1628 726 1675 multitudine

59 1691 208 1747 fatiscentem,
227 1694 297 1740 sacris
313 1693 437 1739 Eleusiniis
452 1708 535 1755 augere
549 1693 629 1740 voluit.
661 1692 725 1740 Lau·

61 1757 168 1804 dabiliore
187 1755 246 1813 curi,
266 1757 390 1810 Gallorum,
410 1772 468 1817 quos
483 1757 566 1806 furiosa
584 1756 725 1805 Druidarum

61 1823 190 1884 superstitio
202 1823 304 1869 humanis
314 1822 412 1869 victimis
422 1823 477 1870 deos
489 1824 577 1884 placare
593 1823 677 1879 docuit,
691 1822 726 1870 fe·

62 1902 101 1934 ros
111 1887 175 1942 ritus,
192 1889 277 1935 civibus
289 1889 330 1933 sub
341 1887 503 1951 AugustoJam
514 1889 652 1942 interdictos,
672 1889 726 1936 abo·

47 1953 49 1957 ’
62 1952 124 2007 levit,
136 1960 261 2014 caeteraque
271 1953 338 2015 hujus
349 1953 512 2014 superstitionis
523 1955 602 2000 vetuit.
635 1952 726 1999 Trium·

61 2018 130 2079 pbato
142 2019 202 2064 enim
213 2025 323 2064 terrarum
334 2019 394 2073 orbe,
406 2019 455 2064 baec
464 2019 600 2066 nobilissima
607 2017 727 2065 Romanos

62 2083 167 2129 manebat
182 2083 283 2136 victoria,
304 2089 329 2129 ut
346 2083 481 2144 religionum
499 2091 601 2130 monstra
615 2083 727 2138 tollerent,

61 2147 178 2208 victasque
188 2155 269 2210 gentes
279 2148 360 2200 rationi
372 2148 463 2202 servire,
475 2162 501 2195 ac
511 2145 588 2196 felices
599 2148 677 2195 vivere
687 2161 728 2194 co·

79 2219 150 2259 erent,

61 2228 79 2275 g
95 2274 202 2339 [interim
214 2277 336 2324 Suetonius
347 2276 456 2324 Paulinus
466 2277 553 2324 bellicae
563 2278 635 2324 laudis
645 2276 728 2324 famam

62 2343 87 2388 in
106 2340 187 2388 Africa
205 2343 366 2404 auspicabatur.
405 2342 521 2388 AEdemon
539 2343 606 2397 enim,
628 2342 727 2397 libertus,

62 2421 126 2453 arrna
144 2413 286 2463 resumserat,
310 2414 335 2453 ut
358 2406 509 2454 Ptolemaeum
530 2422 614 2468 regern,
638 2421 652 2453 a
671 2404 729 2454 Caio

63 2469 158 2519 Caesare
176 2472 327 2526 interemtum,
351 2473 503 2520 ulcisceretur.
541 2471 580 2518 Ne
596 2486 636 2534 per
654 2485 730 2517 moras

62 2536 156 2583 audacia
176 2536 290 2600 glisceret,
313 2537 436 2585 Suetonius
454 2537 623 2585 Mauritaniam
636 2549 741 2593 smera

60 2601 178 2664 ingressus
198 2609 241 2653 est.
275 2601 381 2664 Barbari,
404 2603 550 2655 exercitibus
561 2596 690 2646 nesam
704 2598 765 2632 &m
