<?xml version="1.0" encoding="UTF-8"?>
<!DOCTYPE html PUBLIC "-//W3C//DTD XHTML 1.0 Transitional//EN"
    "http://www.w3.org/TR/xhtml1/DTD/xhtml1-transitional.dtd">
<html xmlns="http://www.w3.org/1999/xhtml" xml:lang="en" lang="en">
 <head>
  <title>
</title>
<meta http-equiv="Content-Type" content="text/html;charset=utf-8" />
  <meta name='ocr-system' content='tesseract 3.04.00' />
  <meta name='ocr-capabilities' content='ocr_page ocr_carea ocr_par ocr_line ocrx_word'/>
</head>
<body>
  <div class='ocr_page' id='page_1' title='image "./ccorneliitaciti00obergoog_0291.png"; bbox 0 0 1680 2910; ppageno 0'>
   <div class='ocr_carea' id='block_1_1' title="bbox 115 148 793 205">
    <p class='ocr_par' dir='ltr' id='par_1_1' title="bbox 115 148 793 205">
     <span class='ocr_line' id='line_1_1' title="bbox 115 148 793 205; baseline -0.001 0"><span class='ocrx_word' id='word_1_1' title='bbox 115 157 166 205; x_wconf 73' lang='lat'>284</span> <span class='ocrx_word' id='word_1_2' title='bbox 307 148 600 205; x_wconf 69' lang='lat' dir='ltr'>summm</span> <span class='ocrx_word' id='word_1_3' title='bbox 677 151 793 204; x_wconf 61' lang='grc' dir='ltr'>ΝΜ</span> 
     </span>
    </p>
   </div>
   <div class='ocr_carea' id='block_1_2' title="bbox 100 281 818 2765">
    <p class='ocr_par' dir='ltr' id='par_1_2' title="bbox 112 281 793 2473">
     <span class='ocr_line' id='line_1_2' title="bbox 217 281 793 347; baseline 0.003 -16"><span class='ocrx_word' id='word_1_4' title='bbox 217 289 233 340; x_wconf 79' lang='lat' dir='ltr'>t,</span> <span class='ocrx_word' id='word_1_5' title='bbox 256 283 281 332; x_wconf 89' lang='lat' dir='ltr'>in</span> <span class='ocrx_word' id='word_1_6' title='bbox 303 283 371 332; x_wconf 78' lang='lat' dir='ltr'>iidem</span> <span class='ocrx_word' id='word_1_7' title='bbox 394 290 489 347; x_wconf 82' lang='lat' dir='ltr'>recepta.</span> <span class='ocrx_word' id='word_1_8' title='bbox 530 281 643 333; x_wconf 64' lang='lat' dir='ltr'>Praesidio</span> <span class='ocrx_word' id='word_1_9' title='bbox 659 282 691 333; x_wconf 85' lang='lat' dir='ltr'>ibi</span> <span class='ocrx_word' id='word_1_10' title='bbox 707 282 793 340; x_wconf 65' lang='lat' dir='ltr'>relicto,</span> 
     </span>
     <span class='ocr_line' id='line_1_3' title="bbox 161 348 792 412; baseline 0 -16"><span class='ocrx_word' id='word_1_11' title='bbox 161 351 220 396; x_wconf 86' lang='lat' dir='ltr'>utius</span> <span class='ocrx_word' id='word_1_12' title='bbox 237 349 266 395; x_wconf 80' lang='lat' dir='ltr'>ad</span> <span class='ocrx_word' id='word_1_13' title='bbox 281 364 371 399; x_wconf 84' lang='lat' dir='ltr'>amnem</span> <span class='ocrx_word' id='word_1_14' title='bbox 386 365 528 412; x_wconf 77' lang='lat' dir='ltr'>progressus,</span> <span class='ocrx_word' id='word_1_15' title='bbox 544 350 631 405; x_wconf 69' lang='lat' dir='ltr'>bootes,</span> <span class='ocrx_word' id='word_1_16' title='bbox 647 348 720 411; x_wconf 79' lang='lat' dir='ltr'>quasi.</span> <span class='ocrx_word' id='word_1_17' title='bbox 729 349 792 396; x_wconf 73' lang='lat' dir='ltr'>irm-</span> 
     </span>
     <span class='ocr_line' id='line_1_4' title="bbox 113 413 792 479; baseline -0.001 -17"><span class='ocrx_word' id='word_1_18' title='bbox 113 415 206 479; x_wconf 80' lang='lat' dir='ltr'>perabili</span> <span class='ocrx_word' id='word_1_19' title='bbox 223 415 287 463; x_wconf 87' lang='lat' dir='ltr'>obice</span> <span class='ocrx_word' id='word_1_20' title='bbox 301 415 485 472; x_wconf 74' lang='lat' dir='ltr'>defenderentur,</span> <span class='ocrx_word' id='word_1_21' title='bbox 500 416 524 463; x_wconf 89' lang='lat' dir='ltr'>in</span> <span class='ocrx_word' id='word_1_22' title='bbox 540 414 668 463; x_wconf 71' lang='lat' dir='ltr'><strong>socordiam</strong></span> <span class='ocrx_word' id='word_1_23' title='bbox 679 413 792 462; x_wconf 67' lang='lat' dir='ltr'>molutos</span> 
     </span>
     <span class='ocr_line' id='line_1_5' title="bbox 116 479 791 541; baseline -0.003 -14"><span class='ocrx_word' id='word_1_24' title='bbox 116 479 213 541; x_wconf 66' lang='lat' dir='ltr'>reperite</span> <span class='ocrx_word' id='word_1_25' title='bbox 229 480 294 541; x_wconf 89' lang='lat' dir='ltr'>jubet</span> <span class='ocrx_word' id='word_1_26' title='bbox 305 479 394 536; x_wconf 68' lang='lat' dir='ltr'>Gellon</span> <span class='ocrx_word' id='word_1_27' title='bbox 410 479 543 529; x_wconf 64' lang='lat' dir='ltr'>flumineis</span> <span class='ocrx_word' id='word_1_28' title='bbox 555 481 625 528; x_wconf 76' lang='lat' dir='ltr'>ermis</span> <span class='ocrx_word' id='word_1_29' title='bbox 635 487 728 527; x_wconf 69' lang='lat' dir='ltr'>nauare</span> <span class='ocrx_word' id='word_1_30' title='bbox 738 479 791 528; x_wconf 86' lang='lat' dir='ltr'>acii·</span> 
     </span>
     <span class='ocr_line' id='line_1_6' title="bbox 117 541 793 608; baseline -0.003 -14"><span class='ocrx_word' id='word_1_31' title='bbox 117 552 160 601; x_wconf 83' lang='lat' dir='ltr'>tos,</span> <span class='ocrx_word' id='word_1_32' title='bbox 172 542 313 606; x_wconf 84' lang='lat' dir='ltr'>impetumin</span> <span class='ocrx_word' id='word_1_33' title='bbox 325 560 364 593; x_wconf 88' lang='lat' dir='ltr'>eos</span> <span class='ocrx_word' id='word_1_34' title='bbox 374 541 461 593; x_wconf 76' lang='lat' dir='ltr'>fauere:</span> <span class='ocrx_word' id='word_1_35' title='bbox 480 546 536 593; x_wconf 83' lang='lat' dir='ltr'>viris</span> <span class='ocrx_word' id='word_1_36' title='bbox 546 560 653 608; x_wconf 63' lang='grc' dir='ltr'><strong>ρωπος</strong></span> <span class='ocrx_word' id='word_1_37' title='bbox 671 545 713 592; x_wconf 81' lang='lat' dir='ltr'>sed</span> <span class='ocrx_word' id='word_1_38' title='bbox 723 557 793 606; x_wconf 77' lang='lat' dir='ltr'>equos</span> 
     </span>
     <span class='ocr_line' id='line_1_7' title="bbox 116 607 792 673; baseline -0.001 -16"><span class='ocrx_word' id='word_1_39' title='bbox 116 611 169 657; x_wconf 85' lang='lat' dir='ltr'>telis</span> <span class='ocrx_word' id='word_1_40' title='bbox 179 607 264 673; x_wconf 77' lang='lat' dir='ltr'>figere:</span> <span class='ocrx_word' id='word_1_41' title='bbox 284 617 366 658; x_wconf 77' lang='lat' dir='ltr'>caetera</span> <span class='ocrx_word' id='word_1_42' title='bbox 377 625 402 658; x_wconf 88' lang='lat' dir='ltr'>se</span> <span class='ocrx_word' id='word_1_43' title='bbox 412 611 563 672; x_wconf 81' lang='lat' dir='ltr'>provisurum.</span> <span class='ocrx_word' id='word_1_44' title='bbox 595 609 667 659; x_wconf 86' lang='lat' dir='ltr'>Jussa</span> <span class='ocrx_word' id='word_1_45' title='bbox 677 609 792 657; x_wconf 69' lang='lat' dir='ltr'>fuemus</span> 
     </span>
     <span class='ocr_line' id='line_1_8' title="bbox 117 673 792 738; baseline 0.003 -18"><span class='ocrx_word' id='word_1_46' title='bbox 117 675 209 722; x_wconf 74' lang='lat' dir='ltr'>alacres.</span> <span class='ocrx_word' id='word_1_47' title='bbox 238 673 356 732; x_wconf 77' lang='lat' dir='ltr'><strong>Britanni,</strong></span> <span class='ocrx_word' id='word_1_48' title='bbox 379 674 492 737; x_wconf 76' lang='lat' dir='ltr'>insperati</span> <span class='ocrx_word' id='word_1_49' title='bbox 508 673 601 725; x_wconf 71' lang='lat' dir='ltr'>nudant</span> <span class='ocrx_word' id='word_1_50' title='bbox 616 675 749 738; x_wconf 81' lang='lat' dir='ltr'>perturbati,</span> <span class='ocrx_word' id='word_1_51' title='bbox 768 675 792 722; x_wconf 91' lang='lat' dir='ltr'>in</span> 
     </span>
     <span class='ocr_line' id='line_1_9' title="bbox 115 737 789 802; baseline 0.001 -15"><span class='ocrx_word' id='word_1_52' title='bbox 115 740 195 787; x_wconf 83' lang='lat' dir='ltr'>esseda</span> <span class='ocrx_word' id='word_1_53' title='bbox 210 755 238 787; x_wconf 84' lang='lat' dir='ltr'>se</span> <span class='ocrx_word' id='word_1_54' title='bbox 251 737 363 802; x_wconf 69' lang='lat' dir='ltr'>recepere.</span> <span class='ocrx_word' id='word_1_55' title='bbox 401 739 442 795; x_wconf 78' lang='lat' dir='ltr'>At,</span> <span class='ocrx_word' id='word_1_56' title='bbox 459 741 559 802; x_wconf 88' lang='lat' dir='ltr'>undique</span> <span class='ocrx_word' id='word_1_57' title='bbox 575 741 702 788; x_wconf 70' lang='lat' dir='ltr'>vulnemis</span> <span class='ocrx_word' id='word_1_58' title='bbox 718 740 789 802; x_wconf 84' lang='lat' dir='ltr'>equis,</span> 
     </span>
     <span class='ocr_line' id='line_1_10' title="bbox 117 803 792 869; baseline 0 -16"><span class='ocrx_word' id='word_1_59' title='bbox 117 805 220 853; x_wconf 83' lang='lat' dir='ltr'>curribus</span> <span class='ocrx_word' id='word_1_60' title='bbox 234 807 331 861; x_wconf 82' lang='lat' dir='ltr'>excussi.</span> <span class='ocrx_word' id='word_1_61' title='bbox 349 805 475 867; x_wconf 87' lang='lat' dir='ltr'>obtritique,</span> <span class='ocrx_word' id='word_1_62' title='bbox 491 803 565 853; x_wconf 78' lang='lat' dir='ltr'>multi</span> <span class='ocrx_word' id='word_1_63' title='bbox 575 821 628 854; x_wconf 87' lang='lat' dir='ltr'>cum</span> <span class='ocrx_word' id='word_1_64' title='bbox 639 812 719 869; x_wconf 81' lang='lat' dir='ltr'>strage</span> <span class='ocrx_word' id='word_1_65' title='bbox 728 805 792 853; x_wconf 80' lang='lat' dir='ltr'>inniti</span> 
     </span>
     <span class='ocr_line' id='line_1_11' title="bbox 145 877 218 918; baseline -0.014 0"><span class='ocrx_word' id='word_1_66' title='bbox 145 877 218 918; x_wconf 87' lang='lat' dir='ltr'>reunt.</span> 
     </span>
     <span class='ocr_line' id='line_1_12' title="bbox 115 885 789 998; baseline 0.001 -17"><span class='ocrx_word' id='word_1_67' title='bbox 115 885 252 998; x_wconf 70' lang='lat' dir='ltr'>pe[Interen</span> <span class='ocrx_word' id='word_1_68' title='bbox 262 932 299 982; x_wconf 70' lang='lat' dir='ltr'>ln.</span> <span class='ocrx_word' id='word_1_69' title='bbox 304 933 464 997; x_wconf 77' lang='lat' dir='ltr'>Vespasianus,</span> <span class='ocrx_word' id='word_1_70' title='bbox 475 936 505 982; x_wconf 85' lang='lat' dir='ltr'>ad</span> <span class='ocrx_word' id='word_1_71' title='bbox 516 950 606 983; x_wconf 86' lang='lat' dir='ltr'>summu</span> <span class='ocrx_word' id='word_1_72' title='bbox 615 936 719 998; x_wconf 80' lang='lat' dir='ltr'>genitus,</span> <span class='ocrx_word' id='word_1_73' title='bbox 729 936 789 997; x_wconf 72' lang='lat' dir='ltr'>ejus·</span> 
     </span>
     <span class='ocr_line' id='line_1_13' title="bbox 115 999 789 1064; baseline 0.003 -18"><span class='ocrx_word' id='word_1_74' title='bbox 115 1014 161 1060; x_wconf 86' lang='lat' dir='ltr'>que</span> <span class='ocrx_word' id='word_1_75' title='bbox 190 999 260 1046; x_wconf 85' lang='lat' dir='ltr'>frater</span> <span class='ocrx_word' id='word_1_76' title='bbox 283 999 386 1055; x_wconf 84' lang='lat' dir='ltr'>Sabinus,</span> <span class='ocrx_word' id='word_1_77' title='bbox 410 1000 506 1062; x_wconf 77' lang='lat' dir='ltr'>legatus,</span> <span class='ocrx_word' id='word_1_78' title='bbox 532 1015 623 1048; x_wconf 85' lang='lat' dir='ltr'>amnem</span> <span class='ocrx_word' id='word_1_79' title='bbox 647 1003 789 1064; x_wconf 77' lang='lat' dir='ltr'>trojeoernnt.</span> 
     </span>
     <span class='ocr_line' id='line_1_14' title="bbox 117 1063 789 1127; baseline 0 -14"><span class='ocrx_word' id='word_1_80' title='bbox 117 1063 213 1120; x_wconf 84' lang='lat' dir='ltr'>Hostes,</span> <span class='ocrx_word' id='word_1_81' title='bbox 230 1064 348 1112; x_wconf 78' lang='lat' dir='ltr'>Gallorum</span> <span class='ocrx_word' id='word_1_82' title='bbox 367 1066 492 1127; x_wconf 82' lang='lat' dir='ltr'>irruptione</span> <span class='ocrx_word' id='word_1_83' title='bbox 504 1072 528 1112; x_wconf 89' lang='lat' dir='ltr'>et</span> <span class='ocrx_word' id='word_1_84' title='bbox 539 1081 632 1112; x_wconf 88' lang='lat' dir='ltr'>suorum</span> <span class='ocrx_word' id='word_1_85' title='bbox 642 1066 709 1113; x_wconf 90' lang='lat' dir='ltr'>luctu</span> <span class='ocrx_word' id='word_1_86' title='bbox 719 1065 789 1113; x_wconf 84' lang='lat' dir='ltr'>turb&#39;·</span> 
     </span>
     <span class='ocr_line' id='line_1_15' title="bbox 116 1126 791 1193; baseline 0.004 -17"><span class='ocrx_word' id='word_1_87' title='bbox 116 1130 167 1186; x_wconf 81' lang='lat' dir='ltr'>dos,</span> <span class='ocrx_word' id='word_1_88' title='bbox 188 1130 305 1191; x_wconf 85' lang='lat' dir='ltr'>inopinato</span> <span class='ocrx_word' id='word_1_89' title='bbox 327 1130 405 1185; x_wconf 82' lang='lat' dir='ltr'>adorti,</span> <span class='ocrx_word' id='word_1_90' title='bbox 428 1130 538 1193; x_wconf 85' lang='lat' dir='ltr'>plurimos</span> <span class='ocrx_word' id='word_1_91' title='bbox 554 1127 697 1178; x_wconf 69' lang='lat' dir='ltr'>interfecere.</span> <span class='ocrx_word' id='word_1_92' title='bbox 739 1126 791 1185; x_wconf 79' lang='lat' dir='ltr'>Qut</span> 
     </span>
     <span class='ocr_line' id='line_1_16' title="bbox 115 1193 790 1257; baseline 0.001 -16"><span class='ocrx_word' id='word_1_93' title='bbox 115 1194 178 1242; x_wconf 87' lang='lat' dir='ltr'>clade</span> <span class='ocrx_word' id='word_1_94' title='bbox 194 1209 241 1241; x_wconf 93' lang='lat' dir='ltr'>non</span> <span class='ocrx_word' id='word_1_95' title='bbox 257 1194 344 1256; x_wconf 82' lang='lat' dir='ltr'>dejecti,</span> <span class='ocrx_word' id='word_1_96' title='bbox 361 1195 440 1242; x_wconf 75' lang='lat' dir='ltr'>irritati</span> <span class='ocrx_word' id='word_1_97' title='bbox 453 1196 528 1257; x_wconf 76' lang='lat' dir='ltr'>magis</span> <span class='ocrx_word' id='word_1_98' title='bbox 538 1193 651 1250; x_wconf 78' lang='lat' dir='ltr'>Britanni,</span> <span class='ocrx_word' id='word_1_99' title='bbox 669 1203 790 1256; x_wconf 83' lang='lat' dir='ltr'>auratoque</span> 
     </span>
     <span class='ocr_line' id='line_1_17' title="bbox 115 1258 789 1324; baseline 0.003 -18"><span class='ocrx_word' id='word_1_100' title='bbox 115 1274 145 1306; x_wconf 85' lang='lat' dir='ltr'>ex</span> <span class='ocrx_word' id='word_1_101' title='bbox 153 1258 229 1307; x_wconf 78' lang='lat' dir='ltr'>furore</span> <span class='ocrx_word' id='word_1_102' title='bbox 235 1259 336 1314; x_wconf 89' lang='lat' dir='ltr'>consilio,</span> <span class='ocrx_word' id='word_1_103' title='bbox 347 1261 477 1322; x_wconf 74' lang='lat' dir='ltr'>patientiam</span> <span class='ocrx_word' id='word_1_104' title='bbox 485 1261 596 1315; x_wconf 73' lang='lat' dir='ltr'>incusant,</span> <span class='ocrx_word' id='word_1_105' title='bbox 605 1275 676 1322; x_wconf 84' lang='lat' dir='ltr'>seque</span> <span class='ocrx_word' id='word_1_106' title='bbox 687 1261 718 1308; x_wconf 80' lang='lat' dir='ltr'>ari</span> <span class='ocrx_word' id='word_1_107' title='bbox 728 1275 789 1324; x_wconf 79' lang='lat' dir='ltr'>proe·</span> 
     </span>
     <span class='ocr_line' id='line_1_18' title="bbox 114 1324 789 1387; baseline 0.003 -17"><span class='ocrx_word' id='word_1_108' title='bbox 114 1324 171 1371; x_wconf 86' lang='lat' dir='ltr'>lium</span> <span class='ocrx_word' id='word_1_109' title='bbox 183 1325 318 1387; x_wconf 78' lang='lat' dir='ltr'>accingunt:</span> <span class='ocrx_word' id='word_1_110' title='bbox 337 1339 380 1370; x_wconf 87' lang='lat' dir='ltr'>nec</span> <span class='ocrx_word' id='word_1_111' title='bbox 391 1325 434 1370; x_wconf 85' lang='lat' dir='ltr'>nisi</span> <span class='ocrx_word' id='word_1_112' title='bbox 445 1325 470 1371; x_wconf 92' lang='lat' dir='ltr'>in</span> <span class='ocrx_word' id='word_1_113' title='bbox 479 1332 596 1387; x_wconf 80' lang='lat' dir='ltr'>posterum</span> <span class='ocrx_word' id='word_1_114' title='bbox 606 1325 667 1372; x_wconf 72' lang='lat' dir='ltr'>dian</span> <span class='ocrx_word' id='word_1_115' title='bbox 679 1325 789 1374; x_wconf 80' lang='lat' dir='ltr'>differtur.</span> 
     </span>
     <span class='ocr_line' id='line_1_19' title="bbox 116 1388 790 1454; baseline 0.001 -18"><span class='ocrx_word' id='word_1_116' title='bbox 116 1388 238 1450; x_wconf 88' lang='lat' dir='ltr'>Utrimque</span> <span class='ocrx_word' id='word_1_117' title='bbox 244 1389 352 1437; x_wconf 86' lang='lat' dir='ltr'>acerrime</span> <span class='ocrx_word' id='word_1_118' title='bbox 359 1397 498 1450; x_wconf 80' lang='lat' dir='ltr'>pugnatum:</span> <span class='ocrx_word' id='word_1_119' title='bbox 509 1391 602 1438; x_wconf 86' lang='lat' dir='ltr'>nutabat</span> <span class='ocrx_word' id='word_1_120' title='bbox 609 1391 707 1437; x_wconf 82' lang='lat' dir='ltr'>victorin</span> <span class='ocrx_word' id='word_1_121' title='bbox 713 1408 722 1448; x_wconf 86' lang='lat'>;</span> <span class='ocrx_word' id='word_1_122' title='bbox 728 1393 790 1454; x_wconf 71' lang='lat' dir='ltr'>J&#39;rrn·</span> 
     </span>
     <span class='ocr_line' id='line_1_20' title="bbox 115 1452 790 1514; baseline 0.004 -14"><span class='ocrx_word' id='word_1_123' title='bbox 115 1469 159 1514; x_wconf 91' lang='lat' dir='ltr'>que</span> <span class='ocrx_word' id='word_1_124' title='bbox 175 1455 252 1500; x_wconf 86' lang='lat' dir='ltr'>hostes</span> <span class='ocrx_word' id='word_1_125' title='bbox 269 1452 393 1501; x_wconf 87' lang='lat' dir='ltr'>Hosidium</span> <span class='ocrx_word' id='word_1_126' title='bbox 411 1455 494 1502; x_wconf 78' lang='lat' dir='ltr'>Getam</span> <span class='ocrx_word' id='word_1_127' title='bbox 511 1456 714 1511; x_wconf 71' lang='lat' dir='ltr'>circumsistebant,</span> <span class='ocrx_word' id='word_1_128' title='bbox 737 1465 790 1503; x_wconf 84' lang='lat' dir='ltr'>cnm</span> 
     </span>
     <span class='ocr_line' id='line_1_21' title="bbox 115 1519 790 1581; baseline 0.004 -16"><span class='ocrx_word' id='word_1_129' title='bbox 115 1519 216 1579; x_wconf 82' lang='lat' dir='ltr'>pericula</span> <span class='ocrx_word' id='word_1_130' title='bbox 232 1519 256 1564; x_wconf 92' lang='lat' dir='ltr'>in</span> <span class='ocrx_word' id='word_1_131' title='bbox 271 1534 349 1565; x_wconf 88' lang='lat' dir='ltr'>eorum</span> <span class='ocrx_word' id='word_1_132' title='bbox 367 1519 461 1566; x_wconf 82' lang='lat' dir='ltr'>exitium</span> <span class='ocrx_word' id='word_1_133' title='bbox 477 1520 497 1566; x_wconf 93' lang='lat' dir='ltr'>is</span> <span class='ocrx_word' id='word_1_134' title='bbox 508 1521 628 1576; x_wconf 86' lang='lat' dir='ltr'>convertit,</span> <span class='ocrx_word' id='word_1_135' title='bbox 646 1536 733 1581; x_wconf 88' lang='lat' dir='ltr'>eosque</span> <span class='ocrx_word' id='word_1_136' title='bbox 744 1528 790 1568; x_wconf 75' lang='lat' dir='ltr'>tarn</span> 
     </span>
     <span class='ocr_line' id='line_1_22' title="bbox 114 1583 789 1645; baseline 0.003 -14"><span class='ocrx_word' id='word_1_137' title='bbox 114 1583 203 1631; x_wconf 84' lang='lat' dir='ltr'>fortiter</span> <span class='ocrx_word' id='word_1_138' title='bbox 215 1584 333 1645; x_wconf 82' lang='lat' dir='ltr'>superavit,</span> <span class='ocrx_word' id='word_1_139' title='bbox 345 1589 376 1638; x_wconf 72' lang='lat' dir='ltr'>ut,</span> <span class='ocrx_word' id='word_1_140' title='bbox 388 1584 441 1631; x_wconf 87' lang='lat' dir='ltr'>licet</span> <span class='ocrx_word' id='word_1_141' title='bbox 453 1585 553 1632; x_wconf 87' lang='lat' dir='ltr'>nondum</span> <span class='ocrx_word' id='word_1_142' title='bbox 561 1585 642 1632; x_wconf 89' lang='lat' dir='ltr'>consul</span> <span class='ocrx_word' id='word_1_143' title='bbox 649 1584 738 1643; x_wconf 78' lang='lat' dir='ltr'>fuisset,</span> <span class='ocrx_word' id='word_1_144' title='bbox 749 1586 789 1633; x_wconf 89' lang='lat' dir='ltr'>tri·</span> 
     </span>
     <span class='ocr_line' id='line_1_23' title="bbox 115 1648 474 1711; baseline 0.006 -17"><span class='ocrx_word' id='word_1_145' title='bbox 115 1648 228 1711; x_wconf 86' lang='lat' dir='ltr'>umphalin</span> <span class='ocrx_word' id='word_1_146' title='bbox 238 1649 336 1710; x_wconf 79' lang='lat' dir='ltr'>insignio</span> <span class='ocrx_word' id='word_1_147' title='bbox 346 1649 474 1696; x_wconf 86' lang='lat' dir='ltr'>obtinuerit.</span> 
     </span>
     <span class='ocr_line' id='line_1_24' title="bbox 124 1711 789 1775; baseline 0.008 -17"><span class='ocrx_word' id='word_1_148' title='bbox 124 1746 128 1751; x_wconf 81' lang='lat'>-</span> <span class='ocrx_word' id='word_1_149' title='bbox 148 1711 284 1775; x_wconf 84' lang='lat' dir='ltr'>[Infeliciter</span> <span class='ocrx_word' id='word_1_150' title='bbox 300 1711 386 1760; x_wconf 75' lang='lat' dir='ltr'>tentati</span> <span class='ocrx_word' id='word_1_151' title='bbox 400 1714 538 1770; x_wconf 86' lang='lat' dir='ltr'>fortitudine,</span> <span class='ocrx_word' id='word_1_152' title='bbox 561 1713 667 1762; x_wconf 76' lang='lat' dir='ltr'>Britanni</span> <span class='ocrx_word' id='word_1_153' title='bbox 684 1716 714 1762; x_wconf 83' lang='lat' dir='ltr'>sd</span> <span class='ocrx_word' id='word_1_154' title='bbox 730 1724 789 1763; x_wconf 82' lang='lat' dir='ltr'>artes</span> 
     </span>
     <span class='ocr_line' id='line_1_25' title="bbox 116 1775 791 1841; baseline 0 -14"><span class='ocrx_word' id='word_1_155' title='bbox 116 1775 228 1838; x_wconf 72' lang='lat' dir='ltr'>refugite.</span> <span class='ocrx_word' id='word_1_156' title='bbox 261 1777 422 1841; x_wconf 81' lang='lat' dir='ltr'>Properantnd</span> <span class='ocrx_word' id='word_1_157' title='bbox 429 1779 540 1836; x_wconf 76' lang='lat' dir='ltr'>Tamesis,</span> <span class='ocrx_word' id='word_1_158' title='bbox 553 1787 611 1826; x_wconf 82' lang='lat' dir='ltr'>aestu</span> <span class='ocrx_word' id='word_1_159' title='bbox 621 1780 791 1828; x_wconf 80' lang='lat' dir='ltr'>intumescente</span> 
     </span>
     <span class='ocr_line' id='line_1_26' title="bbox 116 1844 789 1908; baseline 0.003 -18"><span class='ocrx_word' id='word_1_160' title='bbox 116 1844 273 1897; x_wconf 69' lang='lat' dir='ltr'>accrescentis,</span> <span class='ocrx_word' id='word_1_161' title='bbox 290 1845 354 1900; x_wconf 84' lang='lat' dir='ltr'>ostia,</span> <span class='ocrx_word' id='word_1_162' title='bbox 371 1846 448 1906; x_wconf 79' lang='lat' dir='ltr'>gnaris</span> <span class='ocrx_word' id='word_1_163' title='bbox 461 1846 563 1892; x_wconf 89' lang='lat' dir='ltr'>locorum</span> <span class='ocrx_word' id='word_1_164' title='bbox 577 1851 633 1900; x_wconf 82' lang='lat' dir='ltr'>tntu,</span> <span class='ocrx_word' id='word_1_165' title='bbox 650 1846 739 1908; x_wconf 78' lang='lat' dir='ltr'>ignaris</span> <span class='ocrx_word' id='word_1_166' title='bbox 752 1847 789 1892; x_wconf 86' lang='lat' dir='ltr'>in·</span> 
     </span>
     <span class='ocr_line' id='line_1_27' title="bbox 113 1906 790 1972; baseline 0.006 -19"><span class='ocrx_word' id='word_1_167' title='bbox 113 1906 165 1960; x_wconf 80' lang='lat' dir='ltr'>fide,</span> <span class='ocrx_word' id='word_1_168' title='bbox 177 1906 261 1955; x_wconf 86' lang='lat' dir='ltr'>flumen</span> <span class='ocrx_word' id='word_1_169' title='bbox 277 1924 305 1955; x_wconf 93' lang='lat' dir='ltr'>ue</span> <span class='ocrx_word' id='word_1_170' title='bbox 313 1909 433 1972; x_wconf 84' lang='lat' dir='ltr'>trajiciunt.</span> <span class='ocrx_word' id='word_1_171' title='bbox 457 1909 563 1965; x_wconf 82' lang='lat' dir='ltr'>Romani,</span> <span class='ocrx_word' id='word_1_172' title='bbox 575 1925 616 1956; x_wconf 88' lang='lat' dir='ltr'>eos</span> <span class='ocrx_word' id='word_1_173' title='bbox 625 1911 742 1972; x_wconf 87' lang='lat' dir='ltr'>prosecuti</span> <span class='ocrx_word' id='word_1_174' title='bbox 752 1912 790 1957; x_wconf 86' lang='lat' dir='ltr'>in·</span> 
     </span>
     <span class='ocr_line' id='line_1_28' title="bbox 115 1925 790 2034; baseline 0.006 -16"><span class='ocrx_word' id='word_1_175' title='bbox 115 1974 209 2027; x_wconf 83' lang='lat' dir='ltr'>cautius,</span> <span class='ocrx_word' id='word_1_176' title='bbox 218 1925 343 2034; x_wconf 45' lang='lat' dir='ltr'>peribunt.</span> <span class='ocrx_word' id='word_1_177' title='bbox 371 1975 485 2031; x_wconf 55' lang='lat' dir='ltr'>itt-Gaui,</span> <span class='ocrx_word' id='word_1_178' title='bbox 497 1976 527 2022; x_wconf 89' lang='lat' dir='ltr'>ob</span> <span class='ocrx_word' id='word_1_179' title='bbox 538 1975 569 2021; x_wconf 90' lang='lat' dir='ltr'>rei</span> <span class='ocrx_word' id='word_1_180' title='bbox 580 1975 736 2022; x_wconf 86' lang='lat' dir='ltr'>difficultatem</span> <span class='ocrx_word' id='word_1_181' title='bbox 746 1991 790 2022; x_wconf 82' lang='lat' dir='ltr'>nu·</span> 
     </span>
     <span class='ocr_line' id='line_1_29' title="bbox 114 2037 788 2103; baseline 0.003 -19"><span class='ocrx_word' id='word_1_182' title='bbox 114 2037 221 2092; x_wconf 86' lang='lat' dir='ltr'>daciores,</span> <span class='ocrx_word' id='word_1_183' title='bbox 230 2046 328 2092; x_wconf 69' lang='lat' dir='ltr'>enatant,</span> <span class='ocrx_word' id='word_1_184' title='bbox 337 2040 390 2086; x_wconf 89' lang='lat' dir='ltr'>durn</span> <span class='ocrx_word' id='word_1_185' title='bbox 400 2040 443 2094; x_wconf 82' lang='lat' dir='ltr'>ulii,</span> <span class='ocrx_word' id='word_1_186' title='bbox 452 2055 519 2102; x_wconf 85' lang='lat' dir='ltr'>supra</span> <span class='ocrx_word' id='word_1_187' title='bbox 527 2055 579 2087; x_wconf 89' lang='lat' dir='ltr'>curn</span> <span class='ocrx_word' id='word_1_188' title='bbox 589 2041 666 2087; x_wconf 89' lang='lat' dir='ltr'>locum</span> <span class='ocrx_word' id='word_1_189' title='bbox 677 2057 719 2103; x_wconf 88' lang='lat' dir='ltr'>per</span> <span class='ocrx_word' id='word_1_190' title='bbox 730 2056 788 2102; x_wconf 90' lang='lat' dir='ltr'>pon·</span> 
     </span>
     <span class='ocr_line' id='line_1_30' title="bbox 113 2103 790 2164; baseline 0.003 -14"><span class='ocrx_word' id='word_1_191' title='bbox 113 2112 159 2150; x_wconf 86' lang='lat' dir='ltr'>tem</span> <span class='ocrx_word' id='word_1_192' title='bbox 172 2105 313 2164; x_wconf 81' lang='lat' dir='ltr'>transgressi,</span> <span class='ocrx_word' id='word_1_193' title='bbox 331 2105 397 2150; x_wconf 89' lang='lat' dir='ltr'>simul</span> <span class='ocrx_word' id='word_1_194' title='bbox 408 2103 531 2152; x_wconf 82' lang='lat' dir='ltr'>Britannos</span> <span class='ocrx_word' id='word_1_195' title='bbox 541 2106 681 2159; x_wconf 88' lang='lat' dir='ltr'>adoriuntur,</span> <span class='ocrx_word' id='word_1_196' title='bbox 694 2113 718 2153; x_wconf 85' lang='lat' dir='ltr'>et</span> <span class='ocrx_word' id='word_1_197' title='bbox 728 2106 790 2152; x_wconf 86' lang='lat' dir='ltr'>mul·</span> 
     </span>
     <span class='ocr_line' id='line_1_31' title="bbox 113 2168 793 2233; baseline 0.007 -20"><span class='ocrx_word' id='word_1_198' title='bbox 113 2168 183 2229; x_wconf 83' lang='lat' dir='ltr'>tiplici</span> <span class='ocrx_word' id='word_1_199' title='bbox 206 2184 290 2230; x_wconf 81' lang='lat' dir='ltr'>pugnae</span> <span class='ocrx_word' id='word_1_200' title='bbox 313 2170 435 2230; x_wconf 80' lang='lat' dir='ltr'>imparatos</span> <span class='ocrx_word' id='word_1_201' title='bbox 450 2170 538 2232; x_wconf 81' lang='lat' dir='ltr'>ingenti</span> <span class='ocrx_word' id='word_1_202' title='bbox 555 2170 619 2217; x_wconf 81' lang='lat' dir='ltr'>clade</span> <span class='ocrx_word' id='word_1_203' title='bbox 633 2178 793 2233; x_wconf 84' lang='lat' dir='ltr'>prosternunt.</span> 
     </span>
     <span class='ocr_line' id='line_1_32' title="bbox 113 2230 791 2297; baseline 0.006 -19"><span class='ocrx_word' id='word_1_204' title='bbox 113 2230 267 2279; x_wconf 82' lang='lat' dir='ltr'>Laetissimnm</span> <span class='ocrx_word' id='word_1_205' title='bbox 283 2234 400 2282; x_wconf 85' lang='lat' dir='ltr'>victorium</span> <span class='ocrx_word' id='word_1_206' title='bbox 416 2236 490 2282; x_wconf 90' lang='lat' dir='ltr'>luctus</span> <span class='ocrx_word' id='word_1_207' title='bbox 507 2235 633 2296; x_wconf 76' lang='lat' dir='ltr'>occupavit.</span> <span class='ocrx_word' id='word_1_208' title='bbox 665 2235 791 2297; x_wconf 84' lang='lat' dir='ltr'>Fugitivos</span> 
     </span>
     <span class='ocr_line' id='line_1_33' title="bbox 113 2298 792 2361; baseline 0.004 -17"><span class='ocrx_word' id='word_1_209' title='bbox 113 2298 173 2344; x_wconf 85' lang='lat' dir='ltr'>enim</span> <span class='ocrx_word' id='word_1_210' title='bbox 192 2299 245 2344; x_wconf 91' lang='lat' dir='ltr'>dum</span> <span class='ocrx_word' id='word_1_211' title='bbox 262 2299 303 2359; x_wconf 86' lang='lat' dir='ltr'>ipsi</span> <span class='ocrx_word' id='word_1_212' title='bbox 320 2300 468 2346; x_wconf 86' lang='lat' dir='ltr'>inconsultius</span> <span class='ocrx_word' id='word_1_213' title='bbox 491 2315 580 2361; x_wconf 89' lang='lat' dir='ltr'>quoque</span> <span class='ocrx_word' id='word_1_214' title='bbox 603 2301 792 2361; x_wconf 77' lang='lat' dir='ltr'>insequebantur,</span> 
     </span>
     <span class='ocr_line' id='line_1_34' title="bbox 112 2361 793 2428; baseline 0.007 -21"><span class='ocrx_word' id='word_1_215' title='bbox 112 2361 181 2410; x_wconf 85' lang='lat' dir='ltr'>inviis</span> <span class='ocrx_word' id='word_1_216' title='bbox 202 2362 320 2424; x_wconf 72' lang='lat' dir='ltr'>paludibus</span> <span class='ocrx_word' id='word_1_217' title='bbox 343 2380 395 2411; x_wconf 90' lang='lat' dir='ltr'>cum</span> <span class='ocrx_word' id='word_1_218' title='bbox 414 2363 486 2413; x_wconf 77' lang='lat' dir='ltr'>multi</span> <span class='ocrx_word' id='word_1_219' title='bbox 502 2380 594 2413; x_wconf 88' lang='lat' dir='ltr'>suorum</span> <span class='ocrx_word' id='word_1_220' title='bbox 607 2364 699 2428; x_wconf 74' lang='lat' dir='ltr'>jncturi</span> <span class='ocrx_word' id='word_1_221' title='bbox 715 2366 793 2413; x_wconf 85' lang='lat' dir='ltr'>hausti</span> 
     </span>
     <span class='ocr_line' id='line_1_35' title="bbox 112 2433 523 2473; baseline 0.005 -1"><span class='ocrx_word' id='word_1_222' title='bbox 112 2433 172 2473; x_wconf 86' lang='lat' dir='ltr'>sunt.</span> <span class='ocrx_word' id='word_1_223' title='bbox 520 2451 523 2459; x_wconf 95' lang='lat'>·</span> 
     </span>
    </p>

    <p class='ocr_par' dir='ltr' id='par_1_3' title="bbox 100 2491 818 2765">
     <span class='ocr_line' id='line_1_36' title="bbox 146 2491 793 2557; baseline 0.008 -20"><span class='ocrx_word' id='word_1_224' title='bbox 146 2491 269 2554; x_wconf 68' lang='lat' dir='ltr'>[Plautius</span> <span class='ocrx_word' id='word_1_225' title='bbox 281 2494 383 2557; x_wconf 83' lang='lat' dir='ltr'>populos,</span> <span class='ocrx_word' id='word_1_226' title='bbox 395 2509 468 2556; x_wconf 86' lang='lat' dir='ltr'>neque</span> <span class='ocrx_word' id='word_1_227' title='bbox 479 2493 625 2557; x_wconf 84' lang='lat' dir='ltr'>Togodumni</span> <span class='ocrx_word' id='word_1_228' title='bbox 637 2510 703 2551; x_wconf 85' lang='lat' dir='ltr'>noce,</span> <span class='ocrx_word' id='word_1_229' title='bbox 715 2511 793 2557; x_wconf 80' lang='lat' dir='ltr'>neque</span> 
     </span>
     <span class='ocr_line' id='line_1_37' title="bbox 109 2556 792 2621; baseline 0.007 -17"><span class='ocrx_word' id='word_1_230' title='bbox 109 2556 158 2605; x_wconf 85' lang='lat' dir='ltr'>suis</span> <span class='ocrx_word' id='word_1_231' title='bbox 174 2557 275 2608; x_wconf 89' lang='lat' dir='ltr'>clndibus</span> <span class='ocrx_word' id='word_1_232' title='bbox 290 2559 384 2616; x_wconf 74' lang='lat' dir='ltr'>fructus,</span> <span class='ocrx_word' id='word_1_233' title='bbox 406 2561 447 2607; x_wconf 84' lang='lat' dir='ltr'>sed</span> <span class='ocrx_word' id='word_1_234' title='bbox 465 2559 551 2608; x_wconf 77' lang='lat' dir='ltr'>ferocii</span> <span class='ocrx_word' id='word_1_235' title='bbox 569 2559 647 2621; x_wconf 79' lang='lat' dir='ltr'>irique</span> <span class='ocrx_word' id='word_1_236' title='bbox 664 2566 792 2617; x_wconf 66' lang='lat' dir='ltr'>tumentes,=</span> 
     </span>
     <span class='ocr_line' id='line_1_38' title="bbox 106 2625 799 2696; baseline -0.007 -21"><span class='ocrx_word' id='word_1_237' title='bbox 106 2641 154 2676; x_wconf 87' lang='lat' dir='ltr'>non</span> <span class='ocrx_word' id='word_1_238' title='bbox 174 2634 266 2678; x_wconf 90' lang='lat' dir='ltr'>temere</span> <span class='ocrx_word' id='word_1_239' title='bbox 281 2627 530 2696; x_wconf 77' lang='lat' dir='ltr'>provocanbosratus,</span> <span class='ocrx_word' id='word_1_240' title='bbox 543 2625 799 2683; x_wconf 64' lang='lat' dir='ltr'>cuntronensi-brnen</span> 
     </span>
     <span class='ocr_line' id='line_1_39' title="bbox 100 2683 818 2765; baseline -0.001 -19"><span class='ocrx_word' id='word_1_241' title='bbox 100 2697 240 2762; x_wconf 83' lang='lat' dir='ltr'>praesidiis3</span> <span class='ocrx_word' id='word_1_242' title='bbox 255 2706 385 2761; x_wconf 78' lang='lat' dir='ltr'>contraque</span> <span class='ocrx_word' id='word_1_243' title='bbox 392 2697 423 2765; x_wconf 78' lang='lat' dir='ltr'>in</span> <span class='ocrx_word' id='word_1_244' title='bbox 433 2687 637 2740; x_wconf 57' lang='lat' dir='ltr'>bentrbboxnesn</span> <span class='ocrx_word' id='word_1_245' title='bbox 643 2683 818 2744; x_wconf 42' lang='lat' dir='ltr'>iritum*</span> 
     </span>
    </p>
   </div>
   <div class='ocr_carea' id='block_1_3' title="bbox 0 0 844 2910">
    <p class='ocr_par' dir='ltr' id='par_1_4' title="bbox 0 0 844 2910">
     <span class='ocr_line' id='line_1_40' title="bbox 0 0 844 2910; baseline 0 0"><span class='ocrx_word' id='word_1_246' title='bbox 0 0 844 2910; x_wconf 95' lang='lat' dir='ltr'> </span> 
     </span>
    </p>
   </div>
  </div>
 </body>
</html>
