1680 2910
139 72 189 117 220
329 60 625 116 summarum
691 66 804 116 mim·

137 196 244 246 condidit.
274 194 421 246 Necmiuore
430 194 803 260 wendOstiampraellxornbne·

137 264 181 310 mis
191 276 265 324 puppe
275 262 365 318 vexillo,
376 271 400 310 et
410 262 462 310 inde
472 262 571 310 &marn
582 260 663 309 'liberi
679 261 803 315 subvectos,

136 342 178 390 per
202 327 404 389 splendidissimum
435 342 548 388 quemque
569 326 685 389 equestris
714 324 801 379 ordinis.

137 392 212 440 medio
222 406 249 439 nc
259 391 370 454 frequenti
381 393 424 448 die,
435 392 521 440 duobos
530 391 623 439 ferculis
632 390 774 439 Mausoleo'
767 405 801 437 rn-

137 457 202 504 tulit:
221 457 356 518 inferiasque
370 457 406 504 his
417 454 491 504 annui
507 457 619 519 religione
635 457 728 532 publice
738 456 801 503 insti-

136 523 193 569 tuit:
212 523 279 569 matri
291 521 416 576 Circenses,
434 529 616 598 carpentumque,
627 522 711 582 quoin
720 517 802 582 pomp&

136 587 297 642 traduceretur,
313 587 403 633 addidit.
434 584 464 632 In
478 587 610 634 memoriam
626 600 719 646 quoque
734 584 801 647 punis

136 652 291 713 Septembrem
301 666 402 698 mensem
415 651 575 698 Germanicum
583 650 714 713 appellavit·
746 647 800 699 cm

134 715 226 763 lestium
243 716 384 778 rdigionum,
401 730 457 778 quus
472 730 515 763 aso
530 715 632 778 petierat,
651 715 744 777 plane'
737 728 799 762 mors·

134 781 217 828 riosus.

166 843 287 908 [Eodem
280 861 304 893 rn
315 847 396 895 domtls
411 862 459 895 suae
475 846 606 910 superstites
622 845 707 901 studio,
724 845 799 893 Anto·

133 910 186 965 niae,
203 911 267 966 avim,
284 912 391 973 quidquid
407 927 504 973 unquam
519 911 587 958 Livia
602 910 713 973 Auguste
728 911 800 957 hono·

133 990 184 1022 rum
201 977 303 1036 cepisset,
319 992 366 1024 unc
388 976 594 1023 senattls-consulto
607 976 741 1038 congemit.
760 990 800 1037 pe·

132 1047 208 1086 truum
226 1039 352 1097 Claudium,
363 1043 460 1103 equitem
472 1040 602 1088 Romanum
620 1041 649 1087 ad
664 1041 689 1087 id
703 1048 800 1102 tempus,

133 1105 244 1166 collegam
255 1106 313 1151 sibi'
307 1120 330 1152 m
345 1107 462 1153 consulatu
472 1106 604 1153 destinarit.
622 1103 719 1152 fratrem
729 1103 798 1153 'libe-

134 1171 192 1216 rium
199 1170 236 1216 die
246 1171 317 1217 virilis
327 1177 389 1234 togae
399 1171 520 1233 adoptavit,
532 1169 697 1232 appellavitque
708 1168 798 1217 Princi-

132 1251 184 1297 pem
195 1233 213 1282 J
214 1236 334 1282 urentutrs.
358 1235 398 1283 De
408 1237 520 1282 sororibus
534 1242 613 1282 auctor
622 1233 673 1289 fuit,
685 1242 713 1282 ut
722 1234 797 1282 oanni-

131 1302 174 1346 bus
190 1300 334 1346 sacramentis
350 1300 520 1363 adjiceretur,“
526 1314 599 1361 neque
615 1314 653 1346 me
669 1298 798 1382 illaesosque

131 1379 195 1411 meos
209 1364 305 1411 cariores
316 1365 392 1420 habeo,
408 1381 473 1427 quam
486 1363 565 1414 Caium
576 1372 601 1411 et
615 1379 706 1411 sorores
716 1362 795 1426 sjus.”

131 1429 248 1476 consulum
264 1445 319 1476 vero
333 1431 507 1487 relationibus,
508 1429 582 1513 ‘quod
594 1430 680 1475 bonum
695 1428 796 1490 felixque

131 1496 160 1541 sit
172 1493 200 1542 C.
211 1492 296 1541 Caesari
308 1495 493 1555 sororibusque
474 1493 537 1558 epus?
539 1494 740 1555 p’raemitteretur.

164 1557 237 1620 [Haec
254 1559 340 1620 imperii
350 1560 478 1620 primordia,
495 1561 578 1606 bonum
589 1559 649 1605 inter
664 1573 692 1604 ac
708 1558 792 1605 malum

129 1624 239 1684 ambigua,
255 1631 278 1669 et
288 1624 445 1686 principalibus
455 1625 514 1671 curis
524 1625 618 1676 minora,
629 1624 734 1684 populus,
745 1623 793 1669 vir·

129 1694 203 1734 tutum
215 1688 281 1739 rudis,
297 1689 406 1744 admirari,
418 1696 531 1750 tamquam
542 1686 655 1734 felicitatis
666 1689 744 1733 omina
751 1700 793 1735 ex·

128 1753 213 1806 tollere,
223 1752 264 1799 diis
272 1761 348 1814 grates
355 1768 423 1815 agere
429 1761 474 1799 tam
481 1752 605 1807 immodice,
613 1759 640 1797 ut
647 1752 792 1814 tribusprox-

128 1818 179 1863 imis
195 1818 315 1870 mensibus,
334 1833 360 1863 ac
380 1833 408 1863 ne
425 1818 480 1864 totis
498 1817 593 1878 quidem.
616 1831 685 1877 supra
701 1824 792 1863 centum

127 1883 244 1942 sexaginta
259 1882 328 1927 millia
339 1883 479 1928 victimarum
494 1882 621 1927 ceciderint.
654 1879 744 1937 Caesar,
755 1881 791 1927 in·

127 1946 170 1994 sitsi
183 1947 281 2000 levitate,
298 1955 321 1992 et
332 1947 470 1992 adulantium
481 1946 597 1992 lenociniis
607 1960 688 2000 vanus,
699 1946 791 2008 insuper

125 2013 204 2073 opibus
215 2027 229 2057 a
239 2010 329 2057 Tiberio
341 2012 450 2058 acervatis
461 2018 556 2065 tumens,
568 2010 596 2056 ad
606 2009 673 2055 solita
677 2011 790 2071 juveram

124 2077 248 2138 principum
268 2076 322 2121 vitia
339 2076 462 2121 divertere:
482 2089 541 2121 nova
559 2074 650 2120 sectari:
670 2075 791 2136 superioris

124 2141 261 2201 principatds
273 2156 336 2200 acqua
347 2148 369 2186 et
380 2140 456 2198 iniqua
466 2140 548 2201 pariter
559 2139 692 2185 immutare:
712 2139 790 2186 laudes

123 2206 281 2267 potiusquam
294 2205 468 2250 dominationem
481 2203 592 2265 aucupari.

157 2267 234 2330 [Nihil
245 2271 293 2330 jam
309 2269 409 2330 pristinae
426 2269 551 2315 severitatis
565 2268 682 2329 reliquum.
712 2267 788 2314 Dam-

122 2335 168 2380 nati
189 2333 325 2394 relegatique
348 2334 394 2380 ullo
413 2335 461 2379 sinc
484 2334 610 2379 discrimine
631 2334 788 2379 restituuntur.

123 2398 257 2452 Criminum,
269 2414 320 2458 qnoe
331 2414 360 2444 ex
370 2399 444 2458 priore
455 2406 556 2459 tempore
566 2404 677 2459 superant,
689 2398 787 2458 gratiam

120 2464 185 2511 facit:
206 2479 235 2510 ne
253 2465 425 2510 domesticarum
441 2464 531 2522 quidem
547 2463 676 2521 injuriarum
690 2478 786 2517 memor,

118 2531 298 2579 commentarios
312 2529 342 2577 ad
354 2528 435 2575 matris
445 2536 470 2572 et
478 2526 578 2570 iratrmn
590 2539 670 2567 causas
676 2528 790 2580 pestanen-

112 2610 154 2661 tcs,
174 2607 307 2650 convectos
316 2599 345 2646 in
356 2594 445 2647 iorum·
463 2591 593 2637 mmm*
608 2583 673 2634 lma
684 2583 810 2636 *QX*
