1710 3218
592 170 622 185 Ἷ

13 334 207 387 ANNALIUM
224 331 436 384 noxiores
486 342 565 393 mc.
580 366 622 409 ω

4 504 11 527 ,
36 467 162 518 Messalini
181 474 305 522 coram,‘et
326 466 398 515 Suilio
417 471 616 533 corruption„

3 559 19 590 ·,
37 552 94 597 quos
107 534 203 598 pecuniis
213 542 236 581 et
247 542 325 596 stupro
336 535 359 579 in
371 534 433 579 omni
445 532 554 596 flagiti„
564 548 605 591 ὠ.

0 622 2 640 ÷
17 601 132 663 arguebat,
149 600 202 647 exin
211 600 345 651 adulterium
359 597 475 660 Poppaeae,
492 614 529 647 ae
536 621 595 663 ρω-

38 667 155 713 mollitiam
184 666 284 726 corporis
306 665 445 727 objectantes
474 664 595 726 ad-quod

0 732 84 785 lentio,
93 731 193 793 prorupit
202 745 261 788 reus,
269 737 298 785 et,
312 735 327 758 “
337 727 484 791 Interroga,”
502 730 595 790 inquit,

16 796 75 843 lilios
85 806 148 843 tuos:
170 797 242 842 virum
251 811 288 841 me
299 810 349 841 esse
360 794 492 841 fatebuntur
499 792 527 841 :⁹⁸
548 795 595 841 in-
607 842 612 849 ,

0 884 2 901 :
22 877 50 908 ue
67 861 227 913 defensionem,
244 868 360 907 commoto
377 861 487 920 majorem
499 860 524 906 in
535 875 583 907 nro·

1 927 83 981 laudio,
101 926 234 973 Messalinae
248 941 339 987 quoque
354 925 468 985 lacrymas
483 925 581 973 exciritt

2 992 118 1039 abluendis
126 992 228 1038 cubiculo
236 992 362 1052 egrediens,
371 997 450 1036 monet
458 989 582 1046 Vitellium,

1 1059 17 1103 ‘i
36 1072 100 1104 reum
118 1058 214 1104 moeret:
234 1056 283 1118 ipsa
300 1056 329 1103 ad
339 1056 462 1117 pernicicm
476 1054 583 1117 Poppsae

29 1123 128 1177 subditis,
140 1123 177 1183 qui
190 1131 275 1169 terrore
286 1121 382 1167 carceris
394 1120 422 1166 ad
432 1120 583 1167 voluntariam

0 1210 5 1230 ι
18 1189 182 1250 propellerent;
194 1184 446 1248 adcoignaroCaesnrc,
456 1193 490 1241 ut,
501 1200 583 1246 paucos

0 1270 40 1307 es,
57 1254 184 1316 epulantem
195 1253 255 1314 apud
266 1267 291 1299 se
302 1252 406 1297 maritum
418 1252 474 1310 ejus,
494 1251 582 1313 Scipio·

4 1326 158 1370 rcontaretur,
171 1334 210 1364 cur
222 1319 270 1365 sine
282 1332 352 1363 uxore
360 1316 528 1363 discubuisset?
545 1316 582 1363 Ad

8 1400 28 1440 e,
45 1385 146 1431 functam
156 1382 210 1439 fato,
228 1383 375 1445 responderit.

11 1450 57 1497 Sed
75 1449 217 1497 consultante
236 1464 303 1510 supcr
321 1447 463 1495 absolutione
481 1446 582 1503 Asiatici,

7 1516 95 1570 itellius,
106 1511 282 1561 commemorati
292 1520 406 1560 vetustate
416 1513 530 1567 amicitiae,
546 1524 582 1560 ut·

1 1581 109 1635 ntoniam,
127 1580 233 1642 principis
252 1588 354 1634 matrem,
372 1579 456 1640 pariter
475 1579 582 1625 observa·

23 1645 81 1700 dein,
98 1646 209 1707 percursis
222 1644 317 1691 Asiatici
328 1645 351 1689 in
364 1659 432 1705 remp.
446 1642 534 1698 officiis,
546 1658 581 1691 re·

1 1725 15 1755 e
34 1710 142 1755 adversus
160 1708 301 1754 Britanniam
321 1708 407 1761 militi,
424 1723 522 1769 quaeque
540 1708 583 1755 slis

7 1776 57 1821 ndae
68 1773 227 1821 misericordias
238 1772 377 1825 videbantur,
385 1771 480 1818 liberum
490 1774 511 1819 ci
520 1788 586 1820 mor·

9 1841 65 1886 rium
77 1839 189 1901 permisit:
211 1846 235 1885 et
246 1843 324 1884 secuta
335 1845 388 1883 sunt
400 1835 490 1885 Claudii
505 1839 581 1897 verbs,

1 1920 47 1950 em
59 1904 209 1951 clementiam.
233 1903 387 1950 Hortantibus
398 1902 479 1949 dehinc
491 1904 583 1963 quibus·

16 1971 70 2016 dam
82 1978 105 2016 et
116 1969 189 2016 lenem
202 1969 294 2023 exitum,
312 1969 427 2014 remittere
437 1968 581 2025 beneficium,

16 2050 27 2080 s
38 2035 83 2081 ait:
103 2044 127 2081 et
138 2035 257 2096 usurpatis,
275 2034 355 2095 quibus
366 2033 503 2087 insueverat,
515 2048 582 2081 aser·

1 2101 58 2153 ibus,
77 2100 140 2146 lnuto
158 2116 259 2161 corpore,
276 2099 346 2145 hilare
362 2099 472 2160 epulatus,
484 2113 544 2151 cum.
557 2113 583 2146 se

16 2181 26 2211 s
44 2165 165 2212 calliditate
180 2165 273 2220 Tiberii,
289 2164 327 2210 vel
340 2165 425 2226 impetu
438 2162 466 2212 C·
480 2161 584 2211 cesaris

10 2245 41 2287 m,
62 2230 162 2286 dixisset,
182 2247 255 2292 quarn,
276 2230 335 2290 quod
346 2229 424 2276 fraude
435 2229 546 2283 muliebri,
558 2235 583 2276 et

9 2313 23 2343 o
39 2295 125 2342 Vitellii
142 2312 181 2342 ore
197 2296 293 2350 caderet,
311 2310 380 2341 venas
396 2294 511 2340 exsolvit:
531 2295 584 2341 viso

1 2369 50 2409 nte
61 2378 124 2424 rogo,
133 2364 243 2424 jussoque
254 2359 369 2406 transferri
378 2368 464 2421 partem
474 2360 497 2404 in
506 2359 581 2414 aliam,

13 2429 55 2474 ims
72 2429 175 2474 arborum
189 2442 271 2489 vapore
282 2427 343 2489 igpis
354 2425 508 2471 minueretur:
528 2432 582 2471 tsn-

13 2493 138 2539 sccuritatis
149 2494 279 2540 novissimae
290 2491 339 2537 l'uit.
582 2530 585 2535 .

6 2556 123 2603 Vocantur
138 2567 189 2620 post
204 2561 253 2604 haec
264 2564 346 2619 patres,
363 2555 483 2617 pergitque
496 2555 582 2602 Suilius

1 2637 52 2667 reos
64 2624 150 2682 equites
158 2624 276 2670 Romanos
287 2621 392 2673 illustres,
410 2622 491 2680 quibus
511 2619 582 2667 Petra

6 2695 101 2737 cutum:
121 2696 144 2738 at
167 2705 234 2738 causa
244 2688 312 2741 necis,
329 2687 388 2748 quod
405 2686 498 2731 domum
515 2700 580 2732 susm

6 2768 24 2809 ·t
36 2758 151 2827 Poppaeae
168 2756 334 2825 congressmus
347 2751 503 2816 praebuissent.
528 2748 580 2795 Ve-

2 2839 84 2881 turnae
94 2832 185 2898 quietis
196 2828 289 2898 specics
299 2821 369 2874 alteri
379 2818 475 2880 dn'lemt
482 2824 601 2887 mim

19 2903 137 2956 laudium
149 2901 236 2972 spicea
248 2890 344 2949 aaroni
354 2887 485 2937 etinctum,
497 2884 615 2939 sptem*
