1680 2910
57 153 111 192 Μ).
124 150 156 193 16.
209 148 401 198 ANNALIUM
418 149 471 197 Lis.
482 148 516 198 ΙΙ.
529 148 588 200 Car.
600 154 639 197 38.
688 155 720 198 63

56 281 129 328 lectus
139 294 154 328 a
164 278 311 342 D-Augusto
326 280 458 326 liberalitate
468 280 541 326 decies
556 281 661 337 sestertii,
678 281 721 326 du·

57 360 109 393 cere
119 360 223 404 mosem,
240 345 351 406 suscipere
361 345 448 399 liberos,
465 360 495 391 ne
505 345 627 392 clarissima
637 345 723 392 familid

57 410 247 473 exstingueretur.
288 408 370 471 Igitur,
393 417 488 470 quatuor
509 407 560 456 liliis
581 418 634 457 ante
650 411 719 457 limen

57 476 127 523 cudae
148 474 295 532 adstantium,
313 475 364 520 loco
383 475 509 530 sententiae,
527 489 578 521 cum
597 476 621 521 in
633 474 721 521 Palatio

57 546 150 587 senatus
171 541 295 594 haberetur,
316 539 384 585 modo
403 537 521 586 Hortensii
543 540 720 586 interemtores

57 606 124 651 sitam
143 605 273 666 inmginem,
294 604 362 650 modo
379 602 479 665 Augusti
495 605 592 658 intuens,
615 605 720 651 adhunc

57 668 152 716 modum
170 669 256 730 coepit:
280 667 389 715 “Patres
405 668 531 729 conscripti,
554 669 602 722 hos,
625 684 719 730 quorum

58 748 179 781 numerum
197 740 220 780 et
232 733 350 795 pueritiam
366 732 453 789 videtis,
473 748 519 779 non
535 734 720 794 spontesuatuli,

58 799 98 846 sed
110 799 279 861 quiapdnceps
288 799 405 843 monebat:
425 798 492 844 simul
505 799 600 859 majores
615 800 660 844 mei
670 813 720 844 me·

58 872 158 918 ruerant,
169 873 195 909 ut
202 873 304 924 posteros
314 863 432 908 haberent:
451 876 503 908 nam
514 878 568 924 ega·
576 864 613 924 qni
625 878 671 910 non
680 879 720 924 pe-

59 929 156 983 caniam,
167 943 215 974 uon
226 928 298 974 studia
307 927 390 989 populi,
404 942 478 987 neque
488 927 645 988 eloquentiam,
662 942 723 990 gen«

59 993 99 1039 tile
109 993 191 1039 domm
206 1000 289 1039 nostrae
299 993 389 1046 bonum,
406 991 513 1038 varietate
524 1001 648 1053 temporum
660 993 720 1039 acci·

58 1072 113 1119 pere
123 1058 162 1104 vel
175 1072 254 1118 parare
264 1057 392 1118 potuissem,
410 1057 464 1102 sutis
478 1057 589 1111 habebam,
608 1058 627 1103 ai
640 1065 722 1103 tenues

60 1137 96 1169 res
107 1137 166 1169 meae
176 1136 218 1168 nec
229 1122 282 1167 mihi
293 1121 379 1183 pudori,
394 1135 436 1167 nec
446 1122 549 1181 cuiquam
560 1121 623 1168 oneri
633 1122 717 1168 lorentz

56 1188 135 1249 jussus
153 1187 181 1234 ab
196 1187 335 1249 imperatore,
352 1200 446 1232 uxorem
463 1186 523 1232 duxi.
555 1185 594 1232 En
613 1187 679 1246 stirps
699 1191 723 1231 et

60 1251 180 1317 progenies
191 1258 226 1298 tot
236 1252 360 1304 consulum,
377 1257 412 1297 tot
427 1250 574 1298 dictatorum!
591 1265 633 1297 nec
643 1250 671 1295 ad
684 1251 720 1295 in·

60 1317 143 1365 vidium
163 1317 213 1368 ista,
235 1316 275 1363 sed
293 1315 438 1362 conciliandae
455 1315 619 1369 misericordie,
642 1314 722 1361 refero.

60 1381 224 1442 Assequentur,
241 1380 336 1428 florente
351 1389 381 1433 te,
398 1379 483 1435 Caesar,
499 1395 556 1440 quos
570 1380 663 1434 dederis,
680 1379 724 1425 ho·

60 1462 142 1494 nores:
161 1447 251 1491 interim
264 1445 295 1500 Q,
303 1445 421 1492 Hortensii
429 1452 569 1507 pronepotes,
581 1443 614 1492 D.
622 1444 723 1507 Augusti

60 1513 171 1564 alumnos,
181 1511 209 1556 ab
219 1509 295 1572 inopiis
305 1508 422 1557 deiende.”

93 1573 245 1622 XXXVIII.
263 1574 382 1621 Inclinatio
397 1574 488 1621 senatis
498 1575 667 1621 incitamentum
679 1573 721 1620 Ti-

60 1641 121 1688 lrerio
128 1640 178 1696 fuit,
189 1655 235 1701 quo
242 1641 351 1702 promtIus
357 1640 517 1692 adversaretur,
529 1640 563 1685 his
571 1637 642 1686 ferme
649 1639 724 1686 verbIs

60 1721 130 1753 usus:
150 1712 165 1734 ‘⁴
175 1704 199 1752 Si
215 1711 322 1764 quantum
331 1719 451 1766 pauperum
463 1711 498 1751 est
508 1705 585 1750 venire
595 1705 646 1758 hue,
664 1712 687 1750 ct
694 1704 724 1750 li·

60 1770 120 1818 beris
131 1770 178 1816 suia
185 1777 262 1830 petere
272 1770 377 1831 pecunias
387 1769 502 1830 coeperint,
514 1769 595 1830 singuli
608 1783 722 1829 nunquam

60 1835 235 1889 exsatiabuntur,
247 1834 343 1895 respubl.
354 1833 452 1879 deliciet:
472 1848 514 1880 nec
525 1848 579 1880 sane
588 1834 639 1880 ideo
650 1848 663 1880 a
674 1848 725 1879 ma-

56 1900 144 1962 jonlua
155 1914 286 1946 concessum
302 1907 343 1951 est,
360 1898 435 1959 egredi
452 1897 569 1958 aliquando
583 1897 722 1954 relationem,

60 1972 91 2019 et,
108 1964 169 2026 quod
184 1964 208 2009 in
219 1978 339 2010 commune
349 1963 465 2017 conducat,
482 1963 532 2008 loeo
543 1963 659 2008 sententiae
670 1978 723 2024 pro·

60 2029 127 2084 lerre,
143 2036 170 2075 ut
184 2029 273 2089 privata
286 2028 383 2088 negotia,
401 2042 436 2073 res
450 2027 569 2073 familiares
585 2034 672 2073 nostras
687 2027 724 2073 hic

60 2108 192 2155 augeamus,
204 2107 255 2139 cum
266 2091 350 2138 tundit
360 2091 451 2138 senariis
462 2100 485 2138 et
492 2092 623 2154 principum,
632 2093 680 2138 sive
687 2092 723 2137 in·

60 2159 171 2205 dulserlnt
192 2158 340 2219 largitionem,
364 2158 412 2204 aive
433 2157 564 2202 abnuerint:
594 2171 640 2202 non
662 2157 723 2202 enlm

59 2238 140 2285 preces
150 2229 204 2269 sunt
213 2223 279 2276 istuc,
296 2222 336 2268 aed
347 2221 484 2284 efflagitatio,
500 2221 658 2281 intempestiva
673 2222 724 2281 qui·

61 2288 112 2334 dem
132 2297 157 2335 et
174 2286 301 2349 improvisa,
321 2282 371 2332 curn
386 2285 434 2333 aliis
452 2287 480 2332 de
495 2286 560 2332 rebus
578 2287 726 2333 convenerint

33 2348 36 2353 ⁵
60 2361 143 2414 patrea,
161 2367 306 2414 consurgere,
323 2359 346 2398 et
360 2366 454 2398 numero
469 2358 535 2411 atque
550 2358 616 2397 aetate
629 2351 723 2397 liberssm

62 2431 155 2464 mamm
165 2430 248 2478 urgere
259 2417 391 2463 modestiam
409 2415 506 2470 senatis,
523 2416 623 2462 eamdem
639 2417 685 2462 vim
700 2417 724 2461 in

61 2497 99 2529 me
104 2482 264 2535 trasmittere,
274 2496 299 2526 ae
307 2481 369 2527 velut
375 2480 513 2542 perfringere
521 2482 640 2537 serarium3
656 2481 727 2539 quod,

61 2547 80 2593 si
96 2547 219 2593 ambitione
230 2546 405 2604 exhauserimna,
422 2562 463 2610 per
479 2546 568 2596 scelera
583 2544 743 2610 supplendum

49 2610 102 2654 'erit
132 2608 207 2655 Dedit
223 2611 270 2665 sibi,
288 2610 400 2672 Hortale,
422 2614 458 2664 D.
470 2616 600 2682 Augustus
618 2608 760 2676 pecuum,

42 2671 87 2717 Μ
92 2684 141 2717 Μ
151 2676 312 2738 mpeditus,
326 2697 372 2731 nec
384 2681 416 2735 ei
425 2685 496 2752 lege,
506 2694 538 2735 ut
550 2695 652 2747 semper
664 2679 778 2726 dorem*-
