1680 2910
65 147 123 188 ΜΞ.
133 151 168 188 44.
237 143 290 193 Lrs.
300 143 333 192 X.
351 141 551 192 ANNALIUM.
694 151 742 198 289

63 276 207 323 osussbstur.
239 275 330 338 Mujore
340 276 414 324 adhuc
427 273 519 333 insidii,
536 274 608 332 Laco,
625 279 741 339 quondum

63 339 190 403 prefectus
199 341 303 404 vigilum,
312 351 362 390 tum
374 341 460 390 Gdbae
468 350 608 405 procurator,
622 344 741 406 superbos

63 405 167 454 bonores
176 407 305 454 consularia
315 413 448 455 ornamento
457 415 574 455 assecutus
585 415 628 454 est.

69 510 73 517 .
100 471 219 534 [Senatus
230 486 315 527 umore,
326 487 355 518 nn
370 471 525 520 munificentiis
531 472 638 535 principis
643 473 740 532 illectus,

63 535 187 598 mrgdboe
204 537 233 584 de
250 535 312 584 bello
328 535 463 583 Britannico
479 538 554 597 loqui:
574 545 640 598 gesto
655 540 739 600 praedi.

64 616 129 649 care:
148 600 225 650 lutura
234 601 354 663 providere
360 617 368 659 ;
380 607 410 656 et,
422 607 449 648 ut
459 601 536 649 bootes
542 601 649 650 libentius
659 605 689 652 ad
699 605 740 652 de·

63 667 176 714 ditionem
193 667 304 722 venirent,
320 667 450 724 decernere,
468 681 618 728 quecumque
629 666 741 718 Claudius

63 730 740 860 aruulffizsmsssfflsu

64 869 116 910 rste
126 862 261 910 habiturum.
296 861 406 916 Plautius,
423 862 505 909 talibus
515 862 667 910 incitamentis
678 865 740 912 baud

63 927 178 990 indigens,
197 927 237 975 sod
254 925 335 974 bellici
351 927 418 974 laude
435 925 520 988 suique
537 927 647 989 dignitate
665 930 740 992 magis

62 993 231 1048 exstimulatus,
251 1000 326 1055 coepts
339 991 434 1039 feliciter
450 991 538 1040 felicius
559 994 738 1054 exseqrrebntur3

64 1060 214 1120 assumtoque
225 1059 249 1106 in
258 1067 344 1120 portem
352 1058 454 1104 laborum
464 1065 488 1104 et
500 1057 580 1120 gloriae
589 1055 738 1121 Vespasiano,

62 1124 193 1187 proximam
210 1123 337 1170 Britnnniae
347 1131 435 1184 partem
446 1124 471 1169 in
477 1122 622 1184 provinciam
633 1124 735 1187 redegit:

63 1205 109 1238 nec
125 1189 218 1253 regendi
235 1189 318 1243 minus,
335 1203 403 1249 quam
421 1188 526 1235 vincendi
542 1188 634 1249 peritus,
650 1187 739 1237 feroces

62 1255 154 1304 suimos
178 1254 325 1317 religionibus
346 1255 476 1316 artibusque
499 1251 611 1301 Romanis
630 1254 739 1316 paulatim

39 1335 43 1342 ·
62 1319 170 1375 mollivit.
560 1336 564 1341 ¹
707 1341 709 1345 ·

98 1384 249 1450 [Nuntiatum
260 1386 346 1435 interea
356 1386 489 1451 Agrippum,
501 1401 587 1449 regem,
598 1401 665 1448 quem
677 1400 739 1449 saepe

63 1452 374 1515 memomvimuarepentino
382 1453 460 1500 morbo
469 1449 739 1515 correptumexspirisse·
773 1497 775 1502 .

42 1522 46 1529 ’
64 1514 270 1566 Claudius-veteris
282 1518 454 1566 necessitudinis
461 1515 570 1565 memorii
581 1531 677 1579 regnum
689 1518 740 1580 ejtts

61 1579 117 1638 filio,
129 1583 154 1629 in
166 1581 231 1631 Urbe
247 1583 336 1638 educto,
353 1583 439 1643 sibique
457 1581 619 1643 acceptissimo,
636 1583 736 1631 destina·
802 1615 805 1619 -

62 1647 109 1695 bat
142 1645 283 1696 Detumuere
298 1648 378 1702 liberti,
391 1648 509 1710 juvenem,
525 1647 648 1708 pubertatis
665 1662 739 1696 annos

61 1712 104 1762 vix
114 1719 324 1774 egressumtanrae
335 1713 367 1760 rei
378 1712 495 1774 imparem,
506 1712 661 1759 obtendentes.
672 1764 675 1769 ,
687 1710 736 1760 Ita·

44 1792 47 1797 ·
63 1792 110 1839 que
120 1775 203 1825 Judaes
209 1778 292 1825 iterum
303 1778 327 1825 in
338 1777 477 1840 prouinciam
489 1776 594 1835 redscts3
610 1778 739 1840 missusque

65 1839 168 1905 Cuspius
179 1841 256 1891 Fadus
266 1849 404 1904 procurator.
430 1841 469 1889 Ne
480 1849 557 1890 tamen
569 1842 606 1889 vel
613 1842 637 1889 iu
649 1843 737 1906 Agrip-

46 1915 49 1919 “
63 1922 118 1971 pum
129 1908 284 1970 ingratusne}
293 1907 382 1957 Judaeis
392 1905 495 1954 infensus
503 1907 617 1956 videretur
625 1908 737 1971 princeps,

63 1973 257 2036 coepitjuniorem
268 1972 394 2036 Agrippam
406 1973 516 2020 cariorem
526 1972 621 2019 habere:
641 1971 737 2021 Judaeo-

42 2037 266 2151 'ffiltzffll
278 2046 738 2164 fflfflliilqilnfipiiiil'ssiss

61 2167 143 2216 functo
154 2170 203 2232 regi
214 2170 288 2225 invisi,
301 2167 407 2218 Gessium
419 2167 553 2231 Longinum
565 2167 669 2216 sufficere
676 2184 684 2226 ;
702 2169 737 2215 ei·

62 2248 115 2296 que,
127 2241 153 2282 ut
163 2235 263 2296 injurias,
280 2236 320 2282 abs
335 2233 513 2284 (lensiensibus
530 2240 554 2280 et
568 2233 698 2282 Sebastenis
709 2233 738 2281 il·

62 2299 128 2354 latas,
140 2299 293 2353 ulcisceretur,
304 2301 423 2362 imperare.
444 2297 541 2353 Herodi,
555 2296 670 2346 Chalcidis
681 2299 742 2362 regip
758 2300 761 2313 ¹

62 2364 181 2426 templum,
193 2366 242 2428 eJ‘us
253 2366 378 2421 thesauros,
385 2365 469 2426 jusque
480 2364 563 2411 summi
573 2363 686 2427 pontilicis
697 2365 738 2412 de·

62 2429 150 2493 ligendi
161 2431 276 2491 permisitr
296 2439 380 2478 caetero
391 2429 482 2476 demum
500 2429 624 2490 dilargitus,
635 2445 687 2490 quae
698 2444 736 2477 so-

63 2495 113 2608 pent
123 2494 236 2606 ppincipes
244 2496 368 2545 voluntatis
379 2510 428 2543 suae
438 2496 542 2558 impotes,
550 2494 628 2542 alienis
638 2494 737 2542 libidini·

80 2574 108 2607 uo
119 2576 134 2607 o
148 2575 219 2607 nomr.

93 2623 197 2690 [Eidem
213 2625 349 2678 libertorum
367 2624 472 2689 licentii,
488 2627 610 2676 incertum
626 2639 661 2672 an
673 2619 765 2685 pou&
780 2620 798 2692 U*

52 2699 130 2735 rom.
514 2697 535 2744 ‘2
548 2707 566 2740 o.
