<?xml version="1.0" encoding="UTF-8"?>
<!DOCTYPE html PUBLIC "-//W3C//DTD XHTML 1.0 Transitional//EN"
    "http://www.w3.org/TR/xhtml1/DTD/xhtml1-transitional.dtd">
<html xmlns="http://www.w3.org/1999/xhtml" xml:lang="en" lang="en">
 <head>
  <title>
</title>
<meta http-equiv="Content-Type" content="text/html;charset=utf-8" />
  <meta name='ocr-system' content='tesseract 3.04.00' />
  <meta name='ocr-capabilities' content='ocr_page ocr_carea ocr_par ocr_line ocrx_word'/>
</head>
<body>
  <div class='ocr_page' id='page_1' title='image "./ccorneliitaciti00obergoog_0072.png"; bbox 0 0 1680 2910; ppageno 0'>
   <div class='ocr_carea' id='block_1_1' title="bbox 66 146 733 201">
    <p class='ocr_par' dir='ltr' id='par_1_1' title="bbox 66 146 733 201">
     <span class='ocr_line' id='line_1_1' title="bbox 66 146 733 201; baseline 0.009 -6"><span class='ocrx_word' id='word_1_1' title='bbox 66 151 165 196; x_wconf 85' lang='lat' dir='ltr'><strong>J.c.16·</strong></span> <span class='ocrx_word' id='word_1_2' title='bbox 220 146 411 198; x_wconf 83' lang='lat' dir='ltr'><strong>ANNALIUM</strong></span> <span class='ocrx_word' id='word_1_3' title='bbox 429 147 651 199; x_wconf 74' lang='lat' dir='ltr'><strong>LrnII.Cnr.81.</strong></span> <span class='ocrx_word' id='word_1_4' title='bbox 701 157 733 201; x_wconf 81' lang='lat'><strong>59</strong></span> 
     </span>
    </p>
   </div>
   <div class='ocr_carea' id='block_1_2' title="bbox 43 279 763 2687">
    <p class='ocr_par' dir='ltr' id='par_1_2' title="bbox 64 279 733 1056">
     <span class='ocr_line' id='line_1_2' title="bbox 67 279 733 358; baseline 0 -28"><span class='ocrx_word' id='word_1_5' title='bbox 67 283 111 330; x_wconf 90' lang='lat' dir='ltr'><strong>cit:</strong></span> <span class='ocrx_word' id='word_1_6' title='bbox 131 288 155 329; x_wconf 89' lang='lat' dir='ltr'><strong>et</strong></span> <span class='ocrx_word' id='word_1_7' title='bbox 164 279 275 329; x_wconf 82' lang='lat' dir='ltr'><strong>vocantur</strong></span> <span class='ocrx_word' id='word_1_8' title='bbox 284 287 367 358; x_wconf 83' lang='lat' dir='ltr'><strong>patres,</strong></span> <span class='ocrx_word' id='word_1_9' title='bbox 384 280 465 336; x_wconf 82' lang='lat' dir='ltr'><strong>addito,</strong></span> <span class='ocrx_word' id='word_1_10' title='bbox 483 280 653 328; x_wconf 80' lang='lat' dir='ltr'><strong>consultandum</strong></span> <span class='ocrx_word' id='word_1_11' title='bbox 665 297 733 346; x_wconf 88' lang='lat' dir='ltr'><strong>super</strong></span> 
     </span>
     <span class='ocr_line' id='line_1_3' title="bbox 64 344 730 474; baseline 0 -15"><span class='ocrx_word' id='word_1_12' title='bbox 64 344 381 466; x_wconf 53' lang='lat' dir='ltr'><strong>wXXXX.etL1⁸“turiiiterim,</strong></span> <span class='ocrx_word' id='word_1_13' title='bbox 398 416 463 457; x_wconf 88' lang='lat' dir='ltr'><strong>veste</strong></span> <span class='ocrx_word' id='word_1_14' title='bbox 472 409 566 466; x_wconf 77' lang='lat' dir='ltr'><strong>mutatb,</strong></span> <span class='ocrx_word' id='word_1_15' title='bbox 583 426 634 457; x_wconf 93' lang='lat' dir='ltr'><strong>cum</strong></span> <span class='ocrx_word' id='word_1_16' title='bbox 645 413 730 474; x_wconf 87' lang='lat' dir='ltr'><strong>primo·</strong></span> 
     </span>
     <span class='ocr_line' id='line_1_4' title="bbox 65 475 730 530; baseline -0.002 -6"><span class='ocrx_word' id='word_1_17' title='bbox 65 477 129 524; x_wconf 79' lang='lat' dir='ltr'><strong>ribus</strong></span> <span class='ocrx_word' id='word_1_18' title='bbox 138 475 230 523; x_wconf 77' lang='lat' dir='ltr'><strong>feminis</strong></span> <span class='ocrx_word' id='word_1_19' title='bbox 245 476 363 523; x_wconf 86' lang='lat' dir='ltr'><strong>circumire</strong></span> <span class='ocrx_word' id='word_1_20' title='bbox 373 476 458 530; x_wconf 84' lang='lat' dir='ltr'><strong>domos,</strong></span> <span class='ocrx_word' id='word_1_21' title='bbox 475 491 539 522; x_wconf 86' lang='lat' dir='ltr'><strong>orare</strong></span> <span class='ocrx_word' id='word_1_22' title='bbox 549 475 634 530; x_wconf 86' lang='lat' dir='ltr'><strong>affines,</strong></span> <span class='ocrx_word' id='word_1_23' title='bbox 650 493 730 524; x_wconf 85' lang='lat' dir='ltr'><strong>vocem</strong></span> 
     </span>
     <span class='ocr_line' id='line_1_5' title="bbox 66 540 732 602; baseline -0.002 -12"><span class='ocrx_word' id='word_1_24' title='bbox 66 541 187 590; x_wconf 54' lang='lat' dir='ltr'><strong>&amp;versum</strong></span> <span class='ocrx_word' id='word_1_25' title='bbox 210 540 310 602; x_wconf 86' lang='lat' dir='ltr'><strong>pericula</strong></span> <span class='ocrx_word' id='word_1_26' title='bbox 330 555 437 602; x_wconf 83' lang='lat' dir='ltr'><strong>poscere3</strong></span> <span class='ocrx_word' id='word_1_27' title='bbox 465 541 611 588; x_wconf 75' lang='lat' dir='ltr'><strong>abnuentibus</strong></span> <span class='ocrx_word' id='word_1_28' title='bbox 637 543 732 598; x_wconf 88' lang='lat' dir='ltr'><strong>cunctis,</strong></span> 
     </span>
     <span class='ocr_line' id='line_1_6' title="bbox 66 603 731 669; baseline 0.002 -16"><span class='ocrx_word' id='word_1_29' title='bbox 66 622 119 653; x_wconf 92' lang='lat' dir='ltr'><strong>cum</strong></span> <span class='ocrx_word' id='word_1_30' title='bbox 137 606 226 653; x_wconf 64' lang='lat' dir='ltr'><strong>diruta</strong></span> <span class='ocrx_word' id='word_1_31' title='bbox 242 606 413 669; x_wconf 69' lang='lat' dir='ltr'><strong>praetenderent,</strong></span> <span class='ocrx_word' id='word_1_32' title='bbox 431 603 510 652; x_wconf 73' lang='lat' dir='ltr'><strong>eidem</strong></span> <span class='ocrx_word' id='word_1_33' title='bbox 525 604 650 652; x_wconf 82' lang='lat' dir='ltr'><strong>fonnidine.</strong></span> <span class='ocrx_word' id='word_1_34' title='bbox 683 606 731 654; x_wconf 91' lang='lat' dir='ltr'><strong>Die</strong></span> 
     </span>
     <span class='ocr_line' id='line_1_7' title="bbox 65 668 731 732; baseline -0.002 -14"><span class='ocrx_word' id='word_1_35' title='bbox 65 670 165 726; x_wconf 59' lang='lat' dir='ltr'><strong>senam</strong></span> <span class='ocrx_word' id='word_1_36' title='bbox 176 677 239 718; x_wconf 80' lang='lat' dir='ltr'><strong>metu</strong></span> <span class='ocrx_word' id='word_1_37' title='bbox 250 677 273 717; x_wconf 92' lang='lat' dir='ltr'><strong>et</strong></span> <span class='ocrx_word' id='word_1_38' title='bbox 284 671 418 732; x_wconf 68' lang='lat' dir='ltr'>egritudine</span> <span class='ocrx_word' id='word_1_39' title='bbox 427 668 506 723; x_wconf 87' lang='lat' dir='ltr'><strong>fessus,</strong></span> <span class='ocrx_word' id='word_1_40' title='bbox 518 670 573 723; x_wconf 85' lang='lat' dir='ltr'><strong>sive,</strong></span> <span class='ocrx_word' id='word_1_41' title='bbox 586 678 609 716; x_wconf 90' lang='lat' dir='ltr'><strong>ut</strong></span> <span class='ocrx_word' id='word_1_42' title='bbox 620 669 731 718; x_wconf 73' lang='lat' dir='ltr'><strong>tradidere</strong></span> 
     </span>
     <span class='ocr_line' id='line_1_8' title="bbox 65 732 728 799; baseline -0.002 -16"><span class='ocrx_word' id='word_1_43' title='bbox 65 736 164 799; x_wconf 75' lang='lat' dir='ltr'><strong>quitiam,</strong></span> <span class='ocrx_word' id='word_1_44' title='bbox 176 735 281 783; x_wconf 84' lang='lat' dir='ltr'><strong>simulato</strong></span> <span class='ocrx_word' id='word_1_45' title='bbox 290 736 380 789; x_wconf 71' lang='lat' dir='ltr'><strong>morbo,</strong></span> <span class='ocrx_word' id='word_1_46' title='bbox 391 732 472 781; x_wconf 80' lang='lat' dir='ltr'><strong>lectici</strong></span> <span class='ocrx_word' id='word_1_47' title='bbox 482 734 568 781; x_wconf 84' lang='lat' dir='ltr'><strong>delatus</strong></span> <span class='ocrx_word' id='word_1_48' title='bbox 579 735 676 782; x_wconf 78' lang='lat' dir='ltr'><strong>adfores</strong></span> <span class='ocrx_word' id='word_1_49' title='bbox 688 751 728 783; x_wconf 88' lang='lat' dir='ltr'><strong>cu·</strong></span> 
     </span>
     <span class='ocr_line' id='line_1_9' title="bbox 64 799 728 861; baseline -0.002 -13"><span class='ocrx_word' id='word_1_50' title='bbox 64 802 113 856; x_wconf 73' lang='lat' dir='ltr'><strong>rias,</strong></span> <span class='ocrx_word' id='word_1_51' title='bbox 128 801 261 860; x_wconf 70' lang='lat' dir='ltr'><strong>innisusque</strong></span> <span class='ocrx_word' id='word_1_52' title='bbox 277 799 346 855; x_wconf 78' lang='lat' dir='ltr'><strong>fratri,</strong></span> <span class='ocrx_word' id='word_1_53' title='bbox 363 805 387 846; x_wconf 93' lang='lat' dir='ltr'><strong>et</strong></span> <span class='ocrx_word' id='word_1_54' title='bbox 401 814 482 846; x_wconf 88' lang='lat' dir='ltr'><strong>manus</strong></span> <span class='ocrx_word' id='word_1_55' title='bbox 497 813 523 845; x_wconf 87' lang='lat' dir='ltr'><strong>ac</strong></span> <span class='ocrx_word' id='word_1_56' title='bbox 539 799 649 861; x_wconf 87' lang='lat' dir='ltr'><strong>supplices</strong></span> <span class='ocrx_word' id='word_1_57' title='bbox 660 816 728 847; x_wconf 84' lang='lat' dir='ltr'><strong>voces</strong></span> 
     </span>
     <span class='ocr_line' id='line_1_10' title="bbox 65 864 730 927; baseline -0.005 -14"><span class='ocrx_word' id='word_1_58' title='bbox 65 866 95 913; x_wconf 82' lang='lat' dir='ltr'><strong>ad</strong></span> <span class='ocrx_word' id='word_1_59' title='bbox 110 864 226 912; x_wconf 73' lang='lat' dir='ltr'><strong>&#39;liberium</strong></span> <span class='ocrx_word' id='word_1_60' title='bbox 241 864 343 919; x_wconf 78' lang='lat' dir='ltr'><strong>tendens,</strong></span> <span class='ocrx_word' id='word_1_61' title='bbox 360 865 454 910; x_wconf 88' lang='lat' dir='ltr'><strong>immoto</strong></span> <span class='ocrx_word' id='word_1_62' title='bbox 470 865 518 923; x_wconf 73' lang='lat' dir='ltr'><strong>eius</strong></span> <span class='ocrx_word' id='word_1_63' title='bbox 532 865 596 910; x_wconf 83' lang='lat' dir='ltr'><strong>vultu</strong></span> <span class='ocrx_word' id='word_1_64' title='bbox 614 865 730 927; x_wconf 84' lang='lat' dir='ltr'><strong>excipitur.</strong></span> 
     </span>
     <span class='ocr_line' id='line_1_11' title="bbox 65 927 728 986; baseline -0.002 -9"><span class='ocrx_word' id='word_1_65' title='bbox 65 929 128 977; x_wconf 86' lang='lat' dir='ltr'><strong>Mox</strong></span> <span class='ocrx_word' id='word_1_66' title='bbox 137 930 225 977; x_wconf 85' lang='lat' dir='ltr'><strong>libellos</strong></span> <span class='ocrx_word' id='word_1_67' title='bbox 236 937 259 976; x_wconf 89' lang='lat' dir='ltr'><strong>et</strong></span> <span class='ocrx_word' id='word_1_68' title='bbox 269 937 372 976; x_wconf 79' lang='lat' dir='ltr'><strong>auctores</strong></span> <span class='ocrx_word' id='word_1_69' title='bbox 383 929 461 975; x_wconf 81' lang='lat' dir='ltr'><strong>recitat</strong></span> <span class='ocrx_word' id='word_1_70' title='bbox 470 927 554 983; x_wconf 77' lang='lat' dir='ltr'><strong>Cesar,</strong></span> <span class='ocrx_word' id='word_1_71' title='bbox 566 929 597 975; x_wconf 90' lang='lat' dir='ltr'><strong>ita</strong></span> <span class='ocrx_word' id='word_1_72' title='bbox 602 931 728 986; x_wconf 84' lang='lat' dir='ltr'><strong>moderans,</strong></span> 
     </span>
     <span class='ocr_line' id='line_1_12' title="bbox 66 993 599 1056; baseline -0.004 -14"><span class='ocrx_word' id='word_1_73' title='bbox 66 1011 97 1043; x_wconf 93' lang='lat' dir='ltr'><strong>ne</strong></span> <span class='ocrx_word' id='word_1_74' title='bbox 107 995 185 1049; x_wconf 76' lang='lat' dir='ltr'><strong>lenire.</strong></span> <span class='ocrx_word' id='word_1_75' title='bbox 196 1009 255 1041; x_wconf 85' lang='lat' dir='ltr'><strong>neve</strong></span> <span class='ocrx_word' id='word_1_76' title='bbox 265 1009 367 1056; x_wconf 85' lang='lat' dir='ltr'><strong>asperare</strong></span> <span class='ocrx_word' id='word_1_77' title='bbox 377 994 470 1040; x_wconf 84' lang='lat' dir='ltr'><strong>crimino</strong></span> <span class='ocrx_word' id='word_1_78' title='bbox 481 993 599 1040; x_wconf 84' lang='lat' dir='ltr'><strong>videretur.</strong></span> 
     </span>
    </p>

    <p class='ocr_par' dir='ltr' id='par_1_3' title="bbox 56 1056 727 2419">
     <span class='ocr_line' id='line_1_13' title="bbox 99 1056 727 1120; baseline -0.002 -14"><span class='ocrx_word' id='word_1_79' title='bbox 99 1058 185 1106; x_wconf 87' lang='lat' dir='ltr'>XXX.</span> <span class='ocrx_word' id='word_1_80' title='bbox 202 1059 358 1114; x_wconf 81' lang='lat' dir='ltr'><strong>Accesserant,</strong></span> <span class='ocrx_word' id='word_1_81' title='bbox 377 1065 460 1120; x_wconf 80' lang='lat' dir='ltr'><strong>praeter</strong></span> <span class='ocrx_word' id='word_1_82' title='bbox 476 1056 584 1104; x_wconf 87' lang='lat' dir='ltr'><strong>Trionem</strong></span> <span class='ocrx_word' id='word_1_83' title='bbox 602 1065 625 1104; x_wconf 92' lang='lat' dir='ltr'><strong>et</strong></span> <span class='ocrx_word' id='word_1_84' title='bbox 645 1057 727 1106; x_wconf 85' lang='lat' dir='ltr'><strong>Catum</strong></span> 
     </span>
     <span class='ocr_line' id='line_1_14' title="bbox 65 1120 727 1186; baseline -0.003 -14"><span class='ocrx_word' id='word_1_85' title='bbox 65 1133 214 1179; x_wconf 87' lang='lat' dir='ltr'><strong>accusatores,</strong></span> <span class='ocrx_word' id='word_1_86' title='bbox 232 1123 342 1171; x_wconf 76' lang='lat' dir='ltr'><strong>Fonteius</strong></span> <span class='ocrx_word' id='word_1_87' title='bbox 358 1122 461 1186; x_wconf 73' lang='lat' dir='ltr'><strong>Agrippa</strong></span> <span class='ocrx_word' id='word_1_88' title='bbox 476 1129 499 1169; x_wconf 83' lang='lat' dir='ltr'><strong>et</strong></span> <span class='ocrx_word' id='word_1_89' title='bbox 514 1120 543 1170; x_wconf 86' lang='lat' dir='ltr'><strong>C.</strong></span> <span class='ocrx_word' id='word_1_90' title='bbox 550 1121 637 1177; x_wconf 83' lang='lat' dir='ltr'><strong>Vibius,</strong></span> <span class='ocrx_word' id='word_1_91' title='bbox 655 1132 727 1170; x_wconf 87' lang='lat' dir='ltr'><strong>certe·</strong></span> 
     </span>
     <span class='ocr_line' id='line_1_15' title="bbox 63 1187 726 1252; baseline -0.005 -15"><span class='ocrx_word' id='word_1_92' title='bbox 63 1192 169 1251; x_wconf 81' lang='lat' dir='ltr'><strong>bamque,</strong></span> <span class='ocrx_word' id='word_1_93' title='bbox 186 1189 223 1235; x_wconf 92' lang='lat' dir='ltr'><strong>cui</strong></span> <span class='ocrx_word' id='word_1_94' title='bbox 236 1190 275 1252; x_wconf 75' lang='lat' dir='ltr'><strong>Jus</strong></span> <span class='ocrx_word' id='word_1_95' title='bbox 289 1189 406 1250; x_wconf 88' lang='lat' dir='ltr'><strong>perorandi</strong></span> <span class='ocrx_word' id='word_1_96' title='bbox 420 1189 444 1234; x_wconf 88' lang='lat' dir='ltr'><strong>in</strong></span> <span class='ocrx_word' id='word_1_97' title='bbox 459 1202 521 1233; x_wconf 92' lang='lat' dir='ltr'><strong>reum</strong></span> <span class='ocrx_word' id='word_1_98' title='bbox 537 1187 638 1243; x_wconf 87' lang='lat' dir='ltr'><strong>daretur;</strong></span> <span class='ocrx_word' id='word_1_99' title='bbox 655 1189 726 1234; x_wconf 88' lang='lat' dir='ltr'><strong>donec</strong></span> 
     </span>
     <span class='ocr_line' id='line_1_16' title="bbox 63 1250 727 1316; baseline -0.006 -13"><span class='ocrx_word' id='word_1_100' title='bbox 63 1254 152 1310; x_wconf 67' lang='lat' dir='ltr'><strong>Vinius,</strong></span> <span class='ocrx_word' id='word_1_101' title='bbox 168 1254 222 1315; x_wconf 89' lang='lat' dir='ltr'><strong>quia</strong></span> <span class='ocrx_word' id='word_1_102' title='bbox 231 1269 273 1301; x_wconf 89' lang='lat' dir='ltr'><strong>uec</strong></span> <span class='ocrx_word' id='word_1_103' title='bbox 284 1253 326 1316; x_wconf 85' lang='lat' dir='ltr'><strong>ipsi</strong></span> <span class='ocrx_word' id='word_1_104' title='bbox 340 1254 398 1299; x_wconf 89' lang='lat' dir='ltr'><strong>iuter</strong></span> <span class='ocrx_word' id='word_1_105' title='bbox 413 1268 439 1299; x_wconf 87' lang='lat' dir='ltr'><strong>se</strong></span> <span class='ocrx_word' id='word_1_106' title='bbox 454 1252 608 1305; x_wconf 76' lang='lat' dir='ltr'><strong>concederent,</strong></span> <span class='ocrx_word' id='word_1_107' title='bbox 628 1259 651 1298; x_wconf 92' lang='lat' dir='ltr'><strong>et</strong></span> <span class='ocrx_word' id='word_1_108' title='bbox 668 1250 727 1300; x_wconf 87' lang='lat' dir='ltr'><strong>Libo</strong></span> 
     </span>
     <span class='ocr_line' id='line_1_17' title="bbox 64 1316 726 1382; baseline -0.012 -13"><span class='ocrx_word' id='word_1_109' title='bbox 64 1321 113 1369; x_wconf 85' lang='lat' dir='ltr'><strong>sine</strong></span> <span class='ocrx_word' id='word_1_110' title='bbox 123 1327 219 1382; x_wconf 83' lang='lat' dir='ltr'><strong>patrono</strong></span> <span class='ocrx_word' id='word_1_111' title='bbox 230 1319 350 1372; x_wconf 80' lang='lat' dir='ltr'><strong>introisset,</strong></span> <span class='ocrx_word' id='word_1_112' title='bbox 367 1317 497 1379; x_wconf 82' lang='lat' dir='ltr'><strong>singillatim</strong></span> <span class='ocrx_word' id='word_1_113' title='bbox 512 1331 536 1362; x_wconf 87' lang='lat' dir='ltr'><strong>se</strong></span> <span class='ocrx_word' id='word_1_114' title='bbox 547 1316 640 1362; x_wconf 90' lang='lat' dir='ltr'><strong>crimina</strong></span> <span class='ocrx_word' id='word_1_115' title='bbox 651 1317 726 1379; x_wconf 85' lang='lat' dir='ltr'><strong>objec-</strong></span> 
     </span>
     <span class='ocr_line' id='line_1_18' title="bbox 63 1381 727 1446; baseline -0.006 -15"><span class='ocrx_word' id='word_1_116' title='bbox 63 1390 140 1432; x_wconf 89' lang='lat' dir='ltr'><strong>turum</strong></span> <span class='ocrx_word' id='word_1_117' title='bbox 150 1382 271 1446; x_wconf 80' lang='lat' dir='ltr'><strong>professus,</strong></span> <span class='ocrx_word' id='word_1_118' title='bbox 287 1382 380 1444; x_wconf 91' lang='lat' dir='ltr'><strong>protulit</strong></span> <span class='ocrx_word' id='word_1_119' title='bbox 393 1382 486 1435; x_wconf 89' lang='lat' dir='ltr'><strong>libellos,</strong></span> <span class='ocrx_word' id='word_1_120' title='bbox 503 1382 611 1428; x_wconf 85' lang='lat' dir='ltr'><strong>vecordes</strong></span> <span class='ocrx_word' id='word_1_121' title='bbox 621 1381 683 1435; x_wconf 88' lang='lat' dir='ltr'><strong>adeo,</strong></span> <span class='ocrx_word' id='word_1_122' title='bbox 701 1388 727 1427; x_wconf 91' lang='lat' dir='ltr'><strong>ut</strong></span> 
     </span>
     <span class='ocr_line' id='line_1_19' title="bbox 63 1443 726 1508; baseline -0.006 -11"><span class='ocrx_word' id='word_1_123' title='bbox 63 1449 224 1497; x_wconf 85' lang='lat' dir='ltr'><strong>consultaverit</strong></span> <span class='ocrx_word' id='word_1_124' title='bbox 234 1447 300 1502; x_wconf 80' lang='lat' dir='ltr'><strong>Libo,</strong></span> <span class='ocrx_word' id='word_1_125' title='bbox 312 1462 340 1494; x_wconf 88' lang='lat' dir='ltr'><strong>an</strong></span> <span class='ocrx_word' id='word_1_126' title='bbox 351 1445 530 1493; x_wconf 81' lang='lat' dir='ltr'><strong>habiturusioret</strong></span> <span class='ocrx_word' id='word_1_127' title='bbox 538 1461 598 1508; x_wconf 89' lang='lat' dir='ltr'><strong>opes,</strong></span> <span class='ocrx_word' id='word_1_128' title='bbox 609 1443 726 1506; x_wconf 81' lang='lat' dir='ltr'><strong>qutsviom</strong></span> 
     </span>
     <span class='ocr_line' id='line_1_20' title="bbox 63 1509 723 1578; baseline -0.009 -16"><span class='ocrx_word' id='word_1_129' title='bbox 63 1515 161 1578; x_wconf 82' lang='lat' dir='ltr'><strong>Appiam</strong></span> <span class='ocrx_word' id='word_1_130' title='bbox 179 1512 324 1560; x_wconf 81' lang='lat' dir='ltr'><strong>Brundisium</strong></span> <span class='ocrx_word' id='word_1_131' title='bbox 346 1527 417 1573; x_wconf 89' lang='lat' dir='ltr'><strong>usque</strong></span> <span class='ocrx_word' id='word_1_132' title='bbox 438 1510 532 1572; x_wconf 72' lang='lat' dir='ltr'><strong>pecuniis</strong></span> <span class='ocrx_word' id='word_1_133' title='bbox 546 1511 648 1573; x_wconf 88' lang='lat' dir='ltr'><strong>operiret.</strong></span> <span class='ocrx_word' id='word_1_134' title='bbox 682 1509 723 1556; x_wconf 90' lang='lat' dir='ltr'><strong>In·</strong></span> 
     </span>
     <span class='ocr_line' id='line_1_21' title="bbox 64 1576 727 1641; baseline -0.006 -15"><span class='ocrx_word' id='word_1_135' title='bbox 64 1585 128 1627; x_wconf 78' lang='lat' dir='ltr'><strong>eram</strong></span> <span class='ocrx_word' id='word_1_136' title='bbox 144 1586 169 1625; x_wconf 90' lang='lat' dir='ltr'><strong>et</strong></span> <span class='ocrx_word' id='word_1_137' title='bbox 184 1578 228 1625; x_wconf 87' lang='lat' dir='ltr'><strong>alia</strong></span> <span class='ocrx_word' id='word_1_138' title='bbox 242 1577 402 1641; x_wconf 83' lang='lat' dir='ltr'><strong>hujuscemodi,</strong></span> <span class='ocrx_word' id='word_1_139' title='bbox 414 1577 499 1630; x_wconf 83' lang='lat' dir='ltr'><strong>stolida,</strong></span> <span class='ocrx_word' id='word_1_140' title='bbox 511 1590 582 1631; x_wconf 77' lang='lat' dir='ltr'><strong>vana3</strong></span> <span class='ocrx_word' id='word_1_141' title='bbox 600 1576 618 1621; x_wconf 91' lang='lat' dir='ltr'><strong>si</strong></span> <span class='ocrx_word' id='word_1_142' title='bbox 636 1576 727 1622; x_wconf 85' lang='lat' dir='ltr'><strong>mollius</strong></span> 
     </span>
     <span class='ocr_line' id='line_1_22' title="bbox 63 1639 724 1706; baseline -0.008 -15"><span class='ocrx_word' id='word_1_143' title='bbox 63 1645 182 1706; x_wconf 86' lang='lat' dir='ltr'><strong>acciperes,</strong></span> <span class='ocrx_word' id='word_1_144' title='bbox 198 1643 330 1689; x_wconf 79' lang='lat' dir='ltr'><strong>miseranda.</strong></span> <span class='ocrx_word' id='word_1_145' title='bbox 363 1641 411 1687; x_wconf 89' lang='lat' dir='ltr'><strong>Uni</strong></span> <span class='ocrx_word' id='word_1_146' title='bbox 428 1649 502 1688; x_wconf 89' lang='lat' dir='ltr'><strong>tamen</strong></span> <span class='ocrx_word' id='word_1_147' title='bbox 518 1641 593 1686; x_wconf 85' lang='lat' dir='ltr'><strong>libello</strong></span> <span class='ocrx_word' id='word_1_148' title='bbox 604 1655 671 1687; x_wconf 86' lang='lat' dir='ltr'><strong>manu</strong></span> <span class='ocrx_word' id='word_1_149' title='bbox 683 1639 724 1686; x_wconf 91' lang='lat' dir='ltr'><strong>Li·</strong></span> 
     </span>
     <span class='ocr_line' id='line_1_23' title="bbox 63 1705 725 1756; baseline -0.006 0"><span class='ocrx_word' id='word_1_150' title='bbox 63 1709 128 1756; x_wconf 85' lang='lat' dir='ltr'><strong>bonis</strong></span> <span class='ocrx_word' id='word_1_151' title='bbox 147 1707 274 1754; x_wconf 84' lang='lat' dir='ltr'><strong>nominibus</strong></span> <span class='ocrx_word' id='word_1_152' title='bbox 296 1705 412 1754; x_wconf 79' lang='lat' dir='ltr'><strong>Caesarum</strong></span> <span class='ocrx_word' id='word_1_153' title='bbox 435 1713 474 1753; x_wconf 89' lang='lat' dir='ltr'><strong>aut</strong></span> <span class='ocrx_word' id='word_1_154' title='bbox 496 1713 621 1752; x_wconf 83' lang='lat' dir='ltr'><strong>senatorum</strong></span> <span class='ocrx_word' id='word_1_155' title='bbox 640 1706 725 1752; x_wconf 87' lang='lat' dir='ltr'><strong>additas</strong></span> 
     </span>
     <span class='ocr_line' id='line_1_24' title="bbox 63 1769 726 1832; baseline -0.009 -10"><span class='ocrx_word' id='word_1_156' title='bbox 63 1784 152 1822; x_wconf 82' lang='lat' dir='ltr'><strong>atroces</strong></span> <span class='ocrx_word' id='word_1_157' title='bbox 162 1773 198 1819; x_wconf 84' lang='lat' dir='ltr'><strong>vel</strong></span> <span class='ocrx_word' id='word_1_158' title='bbox 209 1772 307 1818; x_wconf 87' lang='lat' dir='ltr'><strong>occultas</strong></span> <span class='ocrx_word' id='word_1_159' title='bbox 318 1780 389 1826; x_wconf 82' lang='lat' dir='ltr'><strong>notas,</strong></span> <span class='ocrx_word' id='word_1_160' title='bbox 404 1776 520 1817; x_wconf 87' lang='lat' dir='ltr'><strong>accusator</strong></span> <span class='ocrx_word' id='word_1_161' title='bbox 529 1771 642 1832; x_wconf 81' lang='lat' dir='ltr'><strong>arguebat.</strong></span> <span class='ocrx_word' id='word_1_162' title='bbox 676 1769 726 1816; x_wconf 91' lang='lat' dir='ltr'><strong>Ne-</strong></span> 
     </span>
     <span class='ocr_line' id='line_1_25' title="bbox 63 1835 724 1901; baseline -0.009 -15"><span class='ocrx_word' id='word_1_163' title='bbox 63 1845 135 1901; x_wconf 80' lang='lat' dir='ltr'><strong>gante</strong></span> <span class='ocrx_word' id='word_1_164' title='bbox 146 1853 191 1893; x_wconf 91' lang='lat' dir='ltr'><strong>reo,</strong></span> <span class='ocrx_word' id='word_1_165' title='bbox 207 1843 355 1899; x_wconf 73' lang='lat' dir='ltr'><strong>agnoscentes</strong></span> <span class='ocrx_word' id='word_1_166' title='bbox 367 1851 444 1883; x_wconf 87' lang='lat' dir='ltr'><strong>servos</strong></span> <span class='ocrx_word' id='word_1_167' title='bbox 455 1851 494 1897; x_wconf 91' lang='lat' dir='ltr'><strong>per</strong></span> <span class='ocrx_word' id='word_1_168' title='bbox 508 1842 618 1882; x_wconf 87' lang='lat' dir='ltr'><strong>tormenta</strong></span> <span class='ocrx_word' id='word_1_169' title='bbox 628 1835 724 1881; x_wconf 88' lang='lat' dir='ltr'><strong>interro·</strong></span> 
     </span>
     <span class='ocr_line' id='line_1_26' title="bbox 63 1900 723 1966; baseline -0.006 -16"><span class='ocrx_word' id='word_1_170' title='bbox 63 1903 113 1966; x_wconf 75' lang='lat' dir='ltr'><strong>gari</strong></span> <span class='ocrx_word' id='word_1_171' title='bbox 125 1901 214 1965; x_wconf 79' lang='lat' dir='ltr'><strong>placuit</strong></span> <span class='ocrx_word' id='word_1_172' title='bbox 242 1901 282 1955; x_wconf 76' lang='lat' dir='ltr'><strong>Et,</strong></span> <span class='ocrx_word' id='word_1_173' title='bbox 294 1902 345 1962; x_wconf 87' lang='lat' dir='ltr'><strong>quin</strong></span> <span class='ocrx_word' id='word_1_174' title='bbox 356 1910 433 1948; x_wconf 86' lang='lat' dir='ltr'><strong>vetere</strong></span> <span class='ocrx_word' id='word_1_175' title='bbox 443 1900 650 1946; x_wconf 78' lang='lat' dir='ltr'><strong>senatus-consulto</strong></span> <span class='ocrx_word' id='word_1_176' title='bbox 661 1915 723 1959; x_wconf 82' lang='lat' dir='ltr'><strong>quae·</strong></span> 
     </span>
     <span class='ocr_line' id='line_1_27' title="bbox 63 1965 724 2029; baseline -0.011 -13"><span class='ocrx_word' id='word_1_177' title='bbox 63 1969 109 2016; x_wconf 80' lang='lat' dir='ltr'><strong>atio</strong></span> <span class='ocrx_word' id='word_1_178' title='bbox 125 1968 149 2014; x_wconf 89' lang='lat' dir='ltr'><strong>in</strong></span> <span class='ocrx_word' id='word_1_179' title='bbox 164 1974 230 2029; x_wconf 82' lang='lat' dir='ltr'><strong>caput</strong></span> <span class='ocrx_word' id='word_1_180' title='bbox 241 1967 325 2012; x_wconf 89' lang='lat' dir='ltr'><strong>domini</strong></span> <span class='ocrx_word' id='word_1_181' title='bbox 342 1965 504 2027; x_wconf 86' lang='lat' dir='ltr'><strong>prohibebatur,</strong></span> <span class='ocrx_word' id='word_1_182' title='bbox 521 1965 614 2010; x_wconf 84' lang='lat' dir='ltr'><strong>callidus</strong></span> <span class='ocrx_word' id='word_1_183' title='bbox 631 1970 654 2010; x_wconf 91' lang='lat' dir='ltr'><strong>et</strong></span> <span class='ocrx_word' id='word_1_184' title='bbox 670 1965 724 2010; x_wconf 82' lang='lat' dir='ltr'><strong>novi</strong></span> 
     </span>
     <span class='ocr_line' id='line_1_28' title="bbox 56 2028 725 2097; baseline -0.009 -17"><span class='ocrx_word' id='word_1_185' title='bbox 56 2034 118 2097; x_wconf 87' lang='lat' dir='ltr'><strong>juris</strong></span> <span class='ocrx_word' id='word_1_186' title='bbox 136 2038 242 2095; x_wconf 85' lang='lat' dir='ltr'><strong>repertor,</strong></span> <span class='ocrx_word' id='word_1_187' title='bbox 264 2029 375 2084; x_wconf 85' lang='lat' dir='ltr'><strong>Tiberius,</strong></span> <span class='ocrx_word' id='word_1_188' title='bbox 396 2030 517 2092; x_wconf 85' lang='lat' dir='ltr'><strong>mancipari</strong></span> <span class='ocrx_word' id='word_1_189' title='bbox 536 2028 637 2090; x_wconf 87' lang='lat' dir='ltr'><strong>singulos</strong></span> <span class='ocrx_word' id='word_1_190' title='bbox 655 2028 725 2075; x_wconf 89' lang='lat' dir='ltr'><strong>actori</strong></span> 
     </span>
     <span class='ocr_line' id='line_1_29' title="bbox 60 2093 724 2162; baseline -0.008 -17"><span class='ocrx_word' id='word_1_191' title='bbox 60 2098 232 2162; x_wconf 80' lang='lat' dir='ltr'><strong>publicojubet3</strong></span> <span class='ocrx_word' id='word_1_192' title='bbox 250 2096 340 2151; x_wconf 84' lang='lat' dir='ltr'><strong>scilicet,</strong></span> <span class='ocrx_word' id='word_1_193' title='bbox 352 2103 377 2141; x_wconf 89' lang='lat' dir='ltr'><strong>ut</strong></span> <span class='ocrx_word' id='word_1_194' title='bbox 385 2097 407 2141; x_wconf 92' lang='lat' dir='ltr'><strong>in</strong></span> <span class='ocrx_word' id='word_1_195' title='bbox 416 2093 527 2140; x_wconf 90' lang='lat' dir='ltr'><strong>Libonem</strong></span> <span class='ocrx_word' id='word_1_196' title='bbox 534 2108 563 2139; x_wconf 90' lang='lat' dir='ltr'><strong>ex</strong></span> <span class='ocrx_word' id='word_1_197' title='bbox 571 2094 648 2148; x_wconf 85' lang='lat' dir='ltr'><strong>servis,</strong></span> <span class='ocrx_word' id='word_1_198' title='bbox 661 2095 724 2140; x_wconf 87' lang='lat' dir='ltr'><strong>salvo</strong></span> 
     </span>
     <span class='ocr_line' id='line_1_30' title="bbox 61 2159 724 2222; baseline -0.012 -11"><span class='ocrx_word' id='word_1_199' title='bbox 61 2160 277 2214; x_wconf 72' lang='lat' dir='ltr'><strong>senatus-consulto,</strong></span> <span class='ocrx_word' id='word_1_200' title='bbox 299 2168 443 2222; x_wconf 69' lang='lat' dir='ltr'><strong>quereretur.</strong></span> <span class='ocrx_word' id='word_1_201' title='bbox 479 2159 515 2205; x_wconf 89' lang='lat' dir='ltr'><strong>Ob</strong></span> <span class='ocrx_word' id='word_1_202' title='bbox 537 2173 588 2218; x_wconf 79' lang='lat' dir='ltr'><strong>quse</strong></span> <span class='ocrx_word' id='word_1_203' title='bbox 608 2165 724 2219; x_wconf 89' lang='lat' dir='ltr'><strong>posterum</strong></span> 
     </span>
     <span class='ocr_line' id='line_1_31' title="bbox 60 2224 724 2289; baseline -0.008 -14"><span class='ocrx_word' id='word_1_204' title='bbox 60 2228 122 2276; x_wconf 81' lang='lat' dir='ltr'><strong>diem</strong></span> <span class='ocrx_word' id='word_1_205' title='bbox 140 2242 192 2274; x_wconf 85' lang='lat' dir='ltr'><strong>reus</strong></span> <span class='ocrx_word' id='word_1_206' title='bbox 208 2226 301 2289; x_wconf 85' lang='lat' dir='ltr'><strong>petivit:</strong></span> <span class='ocrx_word' id='word_1_207' title='bbox 321 2226 457 2285; x_wconf 88' lang='lat' dir='ltr'><strong>domumque</strong></span> <span class='ocrx_word' id='word_1_208' title='bbox 473 2224 593 2285; x_wconf 83' lang='lat' dir='ltr'><strong>digressus,</strong></span> <span class='ocrx_word' id='word_1_209' title='bbox 612 2231 724 2270; x_wconf 87' lang='lat' dir='ltr'><strong>extremas</strong></span> 
     </span>
     <span class='ocr_line' id='line_1_32' title="bbox 58 2288 723 2357; baseline -0.008 -17"><span class='ocrx_word' id='word_1_210' title='bbox 58 2308 139 2357; x_wconf 88' lang='lat' dir='ltr'><strong>preces</strong></span> <span class='ocrx_word' id='word_1_211' title='bbox 152 2290 179 2339; x_wconf 88' lang='lat' dir='ltr'><strong>P.</strong></span> <span class='ocrx_word' id='word_1_212' title='bbox 189 2290 285 2346; x_wconf 80' lang='lat' dir='ltr'><strong>Quirino</strong></span> <span class='ocrx_word' id='word_1_213' title='bbox 295 2291 421 2353; x_wconf 87' lang='lat' dir='ltr'><strong>propinquo</strong></span> <span class='ocrx_word' id='word_1_214' title='bbox 431 2304 472 2336; x_wconf 84' lang='lat' dir='ltr'><strong>suo</strong></span> <span class='ocrx_word' id='word_1_215' title='bbox 483 2289 512 2334; x_wconf 82' lang='lat' dir='ltr'><strong>ad</strong></span> <span class='ocrx_word' id='word_1_216' title='bbox 525 2288 647 2350; x_wconf 88' lang='lat' dir='ltr'><strong>principem</strong></span> <span class='ocrx_word' id='word_1_217' title='bbox 658 2303 723 2335; x_wconf 87' lang='lat' dir='ltr'><strong>man·</strong></span> 
     </span>
     <span class='ocr_line' id='line_1_33' title="bbox 59 2355 617 2419; baseline -0.009 -15"><span class='ocrx_word' id='word_1_218' title='bbox 59 2358 129 2405; x_wconf 84' lang='lat' dir='ltr'><strong>davit</strong></span> <span class='ocrx_word' id='word_1_219' title='bbox 163 2355 307 2419; x_wconf 85' lang='lat' dir='ltr'><strong>Responsum</strong></span> <span class='ocrx_word' id='word_1_220' title='bbox 319 2364 360 2410; x_wconf 83' lang='lat' dir='ltr'><strong>est,</strong></span> <span class='ocrx_word' id='word_1_221' title='bbox 372 2362 398 2401; x_wconf 91' lang='lat' dir='ltr'><strong>ut</strong></span> <span class='ocrx_word' id='word_1_222' title='bbox 408 2361 510 2402; x_wconf 88' lang='lat' dir='ltr'><strong>senatum</strong></span> <span class='ocrx_word' id='word_1_223' title='bbox 522 2360 617 2415; x_wconf 76' lang='lat' dir='ltr'><strong>rogaret.</strong></span> 
     </span>
    </p>

    <p class='ocr_par' dir='ltr' id='par_1_4' title="bbox 55 2419 743 2615">
     <span class='ocr_line' id='line_1_34' title="bbox 93 2419 722 2484; baseline -0.008 -16"><span class='ocrx_word' id='word_1_224' title='bbox 93 2419 194 2468; x_wconf 74' lang='lat' dir='ltr'>XXXI.</span> <span class='ocrx_word' id='word_1_225' title='bbox 212 2419 352 2484; x_wconf 60' lang='lat' dir='ltr'><strong>tingebatur</strong></span> <span class='ocrx_word' id='word_1_226' title='bbox 358 2421 447 2467; x_wconf 89' lang='lat' dir='ltr'><strong>interim</strong></span> <span class='ocrx_word' id='word_1_227' title='bbox 454 2420 524 2466; x_wconf 89' lang='lat' dir='ltr'><strong>milite</strong></span> <span class='ocrx_word' id='word_1_228' title='bbox 530 2419 624 2475; x_wconf 87' lang='lat' dir='ltr'><strong>domus;</strong></span> <span class='ocrx_word' id='word_1_229' title='bbox 636 2425 722 2478; x_wconf 81' lang='lat' dir='ltr'><strong>strepe-</strong></span> 
     </span>
     <span class='ocr_line' id='line_1_35' title="bbox 58 2484 726 2548; baseline -0.013 -13"><span class='ocrx_word' id='word_1_230' title='bbox 58 2489 114 2535; x_wconf 87' lang='lat' dir='ltr'><strong>bant</strong></span> <span class='ocrx_word' id='word_1_231' title='bbox 125 2487 193 2534; x_wconf 88' lang='lat' dir='ltr'><strong>etiam</strong></span> <span class='ocrx_word' id='word_1_232' title='bbox 204 2487 228 2533; x_wconf 89' lang='lat' dir='ltr'><strong>in</strong></span> <span class='ocrx_word' id='word_1_233' title='bbox 237 2486 356 2541; x_wconf 83' lang='lat' dir='ltr'><strong>vestibulo,</strong></span> <span class='ocrx_word' id='word_1_234' title='bbox 368 2492 393 2533; x_wconf 94' lang='lat' dir='ltr'><strong>ut</strong></span> <span class='ocrx_word' id='word_1_235' title='bbox 403 2485 481 2542; x_wconf 89' lang='lat' dir='ltr'><strong>audiri,</strong></span> <span class='ocrx_word' id='word_1_236' title='bbox 491 2491 517 2532; x_wconf 92' lang='lat' dir='ltr'><strong>ut</strong></span> <span class='ocrx_word' id='word_1_237' title='bbox 524 2484 726 2548; x_wconf 76' lang='lat' dir='ltr'><strong>adspicipossent·.</strong></span> 
     </span>
     <span class='ocr_line' id='line_1_36' title="bbox 55 2545 743 2615; baseline -0.023 -9"><span class='ocrx_word' id='word_1_238' title='bbox 55 2567 109 2597; x_wconf 60' lang='lat' dir='ltr'><strong>evm</strong></span> <span class='ocrx_word' id='word_1_239' title='bbox 118 2550 185 2605; x_wconf 61' lang='lat' dir='ltr'><strong>Libo,</strong></span> <span class='ocrx_word' id='word_1_240' title='bbox 201 2551 263 2612; x_wconf 62' lang='lat' dir='ltr'><strong>ipsiu</strong></span> <span class='ocrx_word' id='word_1_241' title='bbox 275 2567 332 2615; x_wconf 82' lang='lat' dir='ltr'><strong>quar</strong></span> <span class='ocrx_word' id='word_1_242' title='bbox 343 2553 366 2601; x_wconf 92' lang='lat' dir='ltr'><strong>in</strong></span> <span class='ocrx_word' id='word_1_243' title='bbox 378 2553 532 2603; x_wconf 76' lang='lat' dir='ltr'><strong>novissimam</strong></span> <span class='ocrx_word' id='word_1_244' title='bbox 541 2552 692 2614; x_wconf 77' lang='lat' dir='ltr'><strong>uoiuptatem</strong></span> <span class='ocrx_word' id='word_1_245' title='bbox 700 2545 743 2590; x_wconf 71' lang='lat' dir='ltr'><strong>ab·</strong></span> 
     </span>
    </p>

    <p class='ocr_par' dir='ltr' id='par_1_5' title="bbox 43 2614 763 2687">
     <span class='ocr_line' id='line_1_37' title="bbox 43 2614 763 2687; baseline -0.003 -22"><span class='ocrx_word' id='word_1_246' title='bbox 43 2614 153 2669; x_wconf 66' lang='lat' dir='ltr'><strong>hibvmt</strong></span> <span class='ocrx_word' id='word_1_247' title='bbox 178 2616 253 2677; x_wconf 77' lang='lat' dir='ltr'><strong>epuiis</strong></span> <span class='ocrx_word' id='word_1_248' title='bbox 274 2621 436 2683; x_wconf 60' lang='lat' dir='ltr'><strong>momentus,</strong></span> <span class='ocrx_word' id='word_1_249' title='bbox 464 2638 558 2676; x_wconf 80' lang='lat' dir='ltr'><strong>uocare</strong></span> <span class='ocrx_word' id='word_1_250' title='bbox 579 2622 763 2687; x_wconf 60' lang='lat' dir='ltr'><strong>percussorem</strong></span> 
     </span>
    </p>
   </div>
   <div class='ocr_carea' id='block_1_3' title="bbox 0 0 844 2910">
    <p class='ocr_par' dir='ltr' id='par_1_6' title="bbox 0 0 844 2910">
     <span class='ocr_line' id='line_1_38' title="bbox 0 0 844 2910; baseline 0 1"><span class='ocrx_word' id='word_1_251' title='bbox 0 0 844 2910; x_wconf 95' lang='lat' dir='ltr'><strong> </strong></span> 
     </span>
    </p>
   </div>
  </div>
 </body>
</html>
