1680 2910
74 196 123 240 sss
171 151 602 237 suunuuuunucnnr(
626 191 741 239 nens
779 203 782 209 ·

66 322 135 369 maris
145 318 249 372 insulam,
261 324 284 365 et
296 317 409 365 Piraeeum
422 317 508 364 Attieoe
518 332 573 373 ore,
587 316 639 366 dein
653 317 735 368 Corin·

65 384 223 435 thienselitus.
243 383 404 445 angustiusque
422 381 504 429 Isthmi
522 384 616 431 credin
634 385 736 446 marique

65 451 109 499 alio
130 447 267 509 Nicopolim,
287 447 415 494 Romnum
427 447 544 504 coloniam,
564 449 691 512 ingiam,
707 450 736 497 ἤι’

67 515 158 562 demum
170 513 294 575 cognoscit,
312 513 425 559 sollertius
440 514 612 576 interrogatum,
632 515 735 576 quim

67 579 132 634 ioret,
151 579 241 633 dixisse,
261 576 298 624 M.
307 577 383 625 Sileno
394 578 513 639 genitum3
530 586 560 634 et,
573 579 651 627 multis
663 587 735 628 sect*

68 652 143 691 torum
154 643 252 704 dilapsis,
264 642 406 689 adscendisse
416 657 504 697 navem,
517 651 633 705 tamquam
645 642 735 692 ltallsm

67 716 169 772 peteret:
189 708 322 770 scripsitque
336 708 386 755 haec
401 706 506 756 'liberior
525 718 600 771 neque
611 720 654 758 nos
665 711 735 774 origi·

66 789 120 822 uem
130 772 229 820 finemve
239 774 287 835 eJus
299 773 330 818 rei
342 772 400 819 ultra
410 774 567 836 comperimus.
667 795 670 799 ·

100 837 147 886 XI.
158 837 231 885 Exitu
242 839 301 890 anni,
310 837 348 884 dlu
359 844 424 884 sucta
432 839 541 886 discordis
552 839 672 887 consulam
684 854 734 887 eru-

67 905 114 968 pit:
135 918 187 950 nam
196 901 259 957 Trio.
270 902 342 949 facilis
352 903 493 965 capessendis
503 904 633 960 inimicitiis,
650 911 676 951 et
685 903 734 952 foro

13 1022 16 1027 ,
68 969 187 1022 exercitus,
206 974 232 1014 ut
243 981 337 1028 segnem
348 966 464 1030 Regulum
476 967 504 1014 sd
515 969 675 1031 opprimendos
693 969 734 1016 80-

64 1035 114 1098 Jani
125 1033 246 1095 ministros,
258 1032 346 1093 oblique
357 1033 532 1094 perstrinxerat:
552 1033 595 1089 ille,
608 1035 653 1081 uisi
663 1033 734 1081 lacet·
767 1036 770 1042 '

69 1105 162 1153 seretur,
174 1098 290 1144 modestice
301 1097 406 1152 retinens,
424 1112 470 1144 non
488 1098 556 1144 modo
566 1099 652 1145 retudit
664 1099 734 1145 colle·

66 1179 138 1227 gam5
155 1163 206 1217 κώ·
221 1169 247 1209 ut
262 1163 354 1209 noxium
370 1163 536 1225 conjurationis,
553 1164 582 1210 sd
597 1163 733 1225 disquisitio·

67 1243 121 1276 nem
132 1228 240 1275 trucetas
272 1225 398 1289 Multisque
416 1234 504 1290 patrum
524 1228 645 1284 orsntrltus,
661 1242 733 1291 ponc·

67 1300 118 1341 rent
135 1293 186 1340 odia
201 1293 225 1338 in
236 1293 356 1354 perniciem
368 1293 433 1346 itura,
444 1290 547 1343 mannire
556 1293 640 1342 infensi
650 1308 678 1342 ac
687 1293 732 1340 mi·

68 1359 171 1415 nitentes,
183 1357 255 1406 donec
266 1358 399 1422 magistratu
409 1358 503 1406 obirent.
