1680 2910
80 152 112 195 28
177 143 369 225 aurianum
385 141 468 192 anu
484 140 590 193 Gundl.
623 142 746 195 Imm

81 285 105 324 et
116 277 213 324 satietas.
245 275 305 323 Mox
315 275 431 337 ingressus
444 279 517 321 castra
528 272 685 328 Germanicus,
697 288 745 322 aon

81 343 214 388 medicinam
225 341 287 394 illud,
297 340 398 402 plurimis
409 354 460 384 cum
475 339 587 399 lacrymis,
605 338 644 386 sed
655 338 744 386 cladem

81 406 203 467 appellans,
215 406 307 453 cremari
316 419 410 466 corpora
415 405 487 466 jubet.
518 401 606 450 Truces
615 404 684 450 etiam
695 410 745 450 tum

82 471 169 518 animos
188 471 268 533 cupido
287 469 372 516 involat
394 469 460 515 eundi
479 469 502 514 in
518 468 613 523 hostem,
629 467 745 530 piaculum

82 535 180 582 furoris:
194 551 235 582 nec
243 535 307 582 aliter
314 549 380 597 posse
386 533 467 594 placari
473 533 651 580 commilitonum
659 546 746 590 manes,

83 616 157 662 quam,
170 601 187 647 si
199 600 324 663 pectoribus
339 599 413 660 impiis
427 599 520 644 honesta
536 597 629 644 vulnera
645 599 746 660 occepis-

85 673 142 712 sent
175 666 280 726 Sequitur
290 664 391 710 ardorem
410 663 505 708 militum
523 659 746 724 Caesar,Junctoque

82 738 152 792 ponte
162 730 292 776 transmittit
299 729 415 774 duodecim
426 727 495 773 millia
505 741 518 772 e
528 726 661 788 legionibus,
673 742 715 774 sex
723 733 748 775 et

83 796 164 856 viginti
177 795 248 842 socias
259 795 369 847 cohortes,
379 800 430 838 octo
439 793 537 853 equitum
549 792 602 846 alas,
612 806 708 852 quarum
719 790 748 839 el

87 860 195 907 seditione
206 860 337 906 intemerata
348 857 456 903 modestia
465 855 514 902 luit.

117 923 145 969 L.
164 923 230 978 Laeti,
242 938 314 984 neque
330 922 413 985 procul,
431 921 539 968 Germani
555 920 677 982 agitabant,
689 920 743 968 dum

81 989 176 1052 Justitio,
192 989 221 1035 ob
236 988 341 1034 amissum
360 987 496 1048 Augustum,
513 992 564 1048 post
580 985 696 1032 discordiis
712 993 748 1033 at·

86 1053 192 1101 tinemut.
232 1053 265 1099 At
286 1052 404 1099 Romanus
433 1051 523 1113 agmine
547 1064 643 1111 propero
667 1050 747 1097 silvam
766 1056 784 1102 ,’

87 1116 192 1174 Caesium,
219 1119 356 1178 limitemque
374 1132 388 1163 a
408 1115 499 1162 'liberio
521 1122 627 1176 coeptum,
649 1115 748 1173 scindit3

86 1191 159 1230 castra
170 1185 193 1229 in
199 1183 270 1230 limite
278 1182 353 1240 locat;
369 1181 466 1227 frontem
474 1196 499 1227 ac
507 1188 596 1241 tergum
604 1179 670 1234 vallo,
678 1180 750 1227 latera

87 1248 228 1296 concaedibus
247 1248 326 1294 munit.
358 1244 414 1292 lude
431 1246 500 1292 saltus
517 1245 623 1291 obscuros
640 1252 749 1306 permeat,

88 1313 250 1375 consultatque,
269 1327 298 1358 ex
315 1311 400 1358 duobus
416 1311 530 1357 itineribus
544 1310 614 1356 brevu
622 1317 646 1355 et
656 1309 749 1356 solitum

89 1388 199 1438 sequatur,
211 1392 239 1424 au
248 1376 374 1438 impeditius
384 1383 408 1422 et
418 1376 559 1428 intentatum,
566 1382 639 1434 eoquo
647 1373 764 1420 hostibus.

87 1439 210 1489 incautum.
243 1439 341 1488 Delectri
353 1440 456 1502 longiore
472 1438 515 1494 vid,
527 1446 608 1485 caetera
618 1438 748 1485 acceleran-

89 1515 137 1554 tur:
156 1507 239 1553 etenim
246 1505 367 1552 attulerant
374 1505 531 1566 exploratores,
541 1502 680 1550 festameam
688 1502 750 1550 Ger·
781 1509 784 1517 ’

89 1571 162 1618 manis
168 1577 264 1625 noctem,
272 1586 298 1617 ac
306 1569 442 1617 sollennibus
448 1568 518 1630 epulis
524 1568 639 1614 ludicram.
656 1565 752 1616 Caecina

90 1652 142 1683 cum
155 1635 263 1698 expeditis
282 1635 409 1682 cohortibus
424 1633 510 1695 praeire,
527 1640 550 1679 et
560 1632 671 1679 obstantia
681 1632 751 1680 silvas

90 1716 139 1747 rum
151 1701 236 1746 amoliri
243 1701 347 1763 jubetur:
366 1699 468 1759 legiones
479 1698 567 1743 modico
581 1696 700 1744 intervallo
710 1712 749 1744 se·

90 1773 195 1826 quuntur.
227 1763 293 1813 Juvit
309 1779 355 1811 nox
371 1763 477 1810 sideribus
488 1762 592 1808 illustris:
612 1769 752 1822 ventumque

90 1831 118 1877 ad
129 1831 192 1877 vicos
203 1829 340 1883 Marsorum,
357 1836 380 1875 et
395 1828 538 1874 circumdatae
549 1826 663 1880 stationes,
675 1827 753 1872 stratis

91 1895 157 1942 etiam
169 1902 216 1941 tum
225 1909 265 1957 per
273 1895 359 1948 cubilia,
365 1899 498 1955 propterque
504 1905 599 1943 mensas,
608 1891 670 1936 nullo
681 1897 752 1946 metu,

90 1976 136 2007 uon
147 1960 278 2022 antepositis
289 1958 384 2021 vigiliis:
404 1958 459 2004 adeo
474 1964 553 2002 cuncta
563 1954 649 2001 incuriis
659 1955 754 2017 disjecta

90 2035 167 2072 erunt:
187 2040 259 2086 neque
265 2024 316 2072 belli
325 2025 406 2079 timor;
423 2037 449 2068 ac
457 2035 537 2083 nepax
545 2020 642 2081 quidem,
651 2020 695 2066 nisi
703 2020 753 2067 lan·

91 2091 158 2152 guida
170 2101 192 2136 ct
203 2090 282 2143 soluta,
294 2089 352 2135 inter
358 2087 500 2134 temulentos.

124 2153 166 2202 LI.
185 2153 263 2202 Caesar
279 2154 355 2200 avidas
371 2152 479 2213 legiones,
496 2165 540 2210 quo
555 2149 621 2195 latior
637 2148 755 2211 populatio

91 2218 156 2272 soret,
181 2226 276 2279 quatuor
298 2219 321 2263 in
343 2221 426 2264 cuneos
448 2216 564 2274 dispertit:
590 2215 756 2276 quinquaginta

91 2284 186 2330 millium
208 2283 303 2345 spatium
321 2281 381 2328 ferro
402 2280 542 2338 flammisque
559 2285 686 2340 pervastat:
707 2292 755 2325 nou

93 2363 169 2404 sexus,
182 2363 227 2393 nou
239 2355 294 2394 aetas
305 2346 470 2392 miserationem
480 2344 567 2400 attulit;
583 2343 676 2404 profana
688 2342 757 2389 simul

92 2420 116 2460 et
135 2427 203 2466 sacra,
220 2420 243 2457 et
262 2412 429 2459 celeberrimum
448 2409 492 2454 illis
513 2409 618 2469 gentibus
636 2406 755 2469 templum,

8 2503 10 2506 ·
93 2478 152 2540 quod
163 2476 273 2523 'l'anlnnae
290 2477 406 2528 vocabant,
423 2474 471 2520 solo
489 2480 620 2533 aequantur:
640 2473 689 2518 siue
704 2472 757 2519 vul·

84 2558 142 2588 nere
152 2541 242 2599 milites,
260 2542 299 2605 qui
315 2541 475 2595 semisomnos,
485 2539 595 2589 inermos,
609 2536 756 2595 autpnlsnta·

69 2608 211 2657 ceciclcmnt.
245 2608 347 2659 Excivit
359 2626 390 2658 ea
400 2608 480 2658 caedes
489 2605 630 2654 Bructeros,
641 2599 759 2644 'lubautu

61 2667 195 2736 Uspe&
214 2677 349 2745 saltusque,
366 2695 414 2748 per
436 2691 501 2744 quus
521 2663 642 2721 exercitus
658 2670 770 2722 regim*
