1680 2910
55 138 152 220 noro
212 175 265 223 ms
274 173 347 221 vm.
358 175 557 224 annuarum
677 185 724 230 245

60 306 219 364 vualibertus
236 321 326 368 quoque
343 307 447 362 vendere,
463 306 551 354 cunctis
568 306 600 356 rei
619 309 727 369 nonme,

60 372 151 422 mnendi
160 368 241 435 glorii,
257 372 342 436 majore
357 378 419 420 emta
429 372 556 420 ostentandi
572 373 678 431 vanitate,
694 376 724 422 li·

58 438 186 486 dantibus.
226 435 304 484 Lucro
321 437 439 494 invitatus,
461 437 567 499 quidquid
582 438 726 488 instrumenti

59 504 146 551 veteris
156 501 215 549 aulae
224 501 306 558 iuerat,
322 502 350 549 ab
366 501 430 549 Urbe
444 503 533 564 repetiit
542 511 589 550 tam
598 502 736 562 immodice.-

62 576 94 625 ut‚
112 567 260 630 undequaque
275 567 441 629 comprehensis
451 566 479 614 ad
489 567 651 630 deportandum
662 571 726 617 vehi·

61 633 119 680 culis
130 631 277 694 etjrmrentis,
288 646 349 695 saepe
359 646 449 680 annona
458 631 542 679 &mas
551 633 727 694 ingravesceret,

61 705 86 746 et
103 698 243 759 litigatorum
258 696 355 758 plurimi,
372 697 432 756 quod
448 712 567 744 munnere
579 699 683 747 absemes
698 700 729 748 ad

61 762 215 811 vadimonium
227 777 274 808 noo
284 768 383 823 possent,
395 758 462 808 causi
471 762 584 809 caderent.

97 824 253 890 [venditionis
260 825 374 873 infamiam
383 825 437 872 vicit
445 826 549 888 principis
557 826 660 875 dedecus.
670 827 727 876 Non

64 899 154 940 tantum
165 891 236 946 testis,
254 891 293 937 sed
307 905 390 952 praeco,
407 897 433 936 ut
442 891 508 938 citius
519 891 635 953 mriusque
646 893 726 940 distra-

64 959 136 1011 heret,
148 956 238 1018 singula
245 956 388 1012 venditabat;
399 956 442 1001 iroc
452 957 529 1017 patris,
539 957 675 1012 boemanis,
684 959 728 1004 hoc

64 1023 109 1078 avi,
126 1023 170 1068 hoc
186 1021 264 1082 proavi
280 1035 344 1067 esse:
363 1020 407 1066 hoc
424 1034 454 1066 ex
470 1019 576 1082 AEgypto
593 1022 727 1079 Antonium,
770 1029 772 1033 ’

60 1088 110 1135 uoc
121 1101 151 1132 ex
162 1083 257 1132 Actiaci
267 1081 361 1132 victorii
371 1084 502 1147 Augustum
514 1081 640 1147 repertisse
649 1087 727 1134 clami·

65 1158 125 1200 tans
156 1149 230 1197 Modo
240 1150 358 1196 lenociniis
368 1155 489 1211 grassatus,
500 1149 572 1196 laetari
582 1157 628 1197 tam
636 1153 730 1214 egregia

66 1216 213 1272 monimenta,
230 1216 298 1262 tantis
317 1213 467 1262 nobilitatibus
483 1214 583 1270 illustria,
599 1216 629 1262 ad
642 1215 730 1273 Gallos,

65 1282 133 1328 tidem
152 1281 290 1341 amicamque
305 1286 404 1342 gentem,
421 1279 535 1326 devenire.
565 1278 639 1327 Modo
656 1284 731 1344 poeni-

66 1347 161 1394 tentiam
179 1345 293 1399 simulans,
312 1344 388 1391 dolere
406 1343 466 1405 quod
481 1344 635 1407 principalium
653 1361 729 1394 rerum

66 1410 160 1475 privatis
176 1410 263 1473 copiam
278 1408 370 1457 iaceret.
403 1409 487 1461 Postea
507 1409 612 1469 audacior
630 1417 729 1460 cantores

66 1478 188 1537 inerepare,
199 1489 256 1537 quos
267 1489 313 1521 non
323 1475 416 1537 puderet
425 1475 583 1536 locupletiores
592 1491 649 1532 esse,
660 1491 728 1538 quam

66 1541 198 1604 principem.
230 1539 321 1587 Exinde
338 1541 362 1586 in
379 1555 457 1586 omnes
473 1540 567 1588 divitum
578 1539 680 1588 fortunas
696 1542 728 1589 ir·

68 1616 148 1661 ruete3
160 1613 189 1659 et,
201 1605 260 1665 quod
268 1605 291 1651 in
299 1603 389 1651 miseriti
396 1605 498 1651 murnum
507 1612 548 1660 est,
556 1621 597 1666 per
603 1606 729 1654 irrisiou

69 1673 156 1721 saevire.
189 1668 216 1715 ld
224 1670 312 1730 publico
323 1684 375 1716 cum
386 1670 448 1716 luctu
459 1677 559 1730 expertae
569 1679 622 1718 sunt
634 1671 728 1721 Galliaet

68 1752 120 1785 cum
129 1735 232 1797 princeps
243 1735 354 1794 quondam
365 1734 452 1780 luderet
461 1732 516 1789 alei,
528 1750 570 1782 nec
580 1737 675 1799 pecunia
683 1737 730 1785 suf·

68 1803 152 1855 liceret,
173 1799 271 1852 secessit,
281 1799 443 1860 Gallorumque
450 1813 531 1846 census
541 1801 570 1847 ad
580 1817 605 1847 se
615 1800 694 1857 afferri,
707 1810 731 1849 et

69 1866 191 1913 ditissimos
202 1864 275 1910 necari
282 1864 366 1925 jussit:
385 1878 440 1911 mox
450 1865 478 1910 ad
487 1864 608 1912 collusores
624 1867 730 1914 exsultim

70 1943 192 1991 regressus,
209 1935 223 1957 ‘⁴
232 1926 306 1983 Vos,”
317 1928 398 1989 inquit,
407 1929 525 1975 “denariis
535 1929 620 1990 aliquot
630 1930 715 1981 lusistis
721 1948 731 1990 ς

67 2011 113 2059 ego
124 1993 198 2040 sexies
208 1993 289 2038 millies
299 1993 415 2040 nummiim
427 2008 477 2040 sum
488 1992 611 2041 lucratus.”

102 2057 166 2122 [Nec
177 2071 256 2119 poeuas
262 2058 334 2118 plebei
345 2057 424 2121 effugit
432 2057 577 2114 Ptolemaeus,
586 2074 652 2120 quem
661 2058 732 2108 Caius

68 2141 83 2173 e
93 2139 165 2186 regno
175 2123 327 2177 accesserat,
339 2122 503 2184 honorificeque
510 2131 636 2186 exceperat,
647 2126 732 2188 utplu-

68 2188 579 2310 illuminatissima
588 2189 734 2318 effi

69 2320 130 2368 enim
143 2317 274 2379 spectacula,
285 2317 363 2365 oculos
373 2318 509 2366 adstantium
518 2317 608 2382 fialgore
615 2334 734 2383 purpureae

69 2385 149 2432 abollae
163 2381 223 2428 forte
236 2390 385 2430 converterat.
417 2383 448 2431 Se
460 2397 529 2430 unam
543 2399 589 2431 non
599 2384 683 2446 adspici
693 2400 734 2432 co·

70 2449 157 2497 horruit
172 2448 283 2509 princeps.
315 2446 393 2496 Vestis
410 2448 643 2512 splendorincrimen
655 2450 734 2513 capitis

70 2516 146 2562 statim
165 2512 247 2558 ceasitt
266 2527 309 2559 nec
319 2514 383 2575 regio
393 2514 499 2576 affinique
508 2516 618 2577 sanguine
628 2516 683 2561 aas
693 2529 735 2561 es»

65 2580 149 2642 piatus,
162 2576 205 2623 nisi
213 2575 386 2627 Mauritaniam
393 2579 453 2629 duas
459 2576 758 2640 diuidereturprox'm'ms

62 2659 116 2704 quoe
126 2643 294 2693 dominationis
306 2644 428 2697 Romanae
439 2662 512 2710 aeque
527 2638 687 2705 mprmmpxn
702 2641 778 2702 5²⁹³*

53 2709 109 2756 tiam
128 2708 282 2763 infamarent
322 2713 406 2767 Paulo
420 2714 516 2772 latium
533 2710 568 2758 ou
578 2692 807 2818 &ww

549 2790 572 2825 Ἰ
593 2803 600 2818 s

784 2880 814 2891 «a
