1680 2910
129 132 160 176 12
224 123 418 174 ANNALIUM
435 120 642 172 LmLCanw.
678 125 794 174 uendi.

127 272 178 305 esse
187 256 281 311 militie,
297 255 337 302 sed
353 255 411 317 apud
425 254 532 301 vexillum
542 260 657 305 retentos,¹
666 251 711 300 alio
722 267 792 300 voca-

127 322 180 367 bulo
197 322 287 368 eosdem
303 321 391 367 lsbores
406 318 518 381 perferres
536 334 562 366 ac
578 319 598 364 si
614 319 664 378 quis
675 324 710 364 tot
726 333 794 365 casus

126 385 175 433 virt
187 386 330 448 superaverit,
347 386 404 432 trahi
419 385 490 431 adhuc
506 384 605 430 diversas
616 384 639 429 in
651 392 727 437 terras,
745 383 791 439 ubi,

126 466 167 512 per
184 466 266 498 nomeu
286 465 399 512 agrorum,
420 449 515 510 uligines
531 447 689 509 paludum-vel
705 447 792 495 inculta

128 517 239 563 montium
251 516 366 578 accipiant.
398 513 523 560 Enimvero
533 513 634 558 militiam
650 510 720 573 ipsam
736 527 791 573 gra·

127 596 185 634 vem,
196 580 370 627 infructuossmr
390 579 453 625 denis
464 579 487 623 in
499 577 556 625 diem
565 577 650 624 assibus
662 578 758 623 animam
766 585 793 623 et

128 661 210 706 corpus
221 646 340 692 estimari:
360 645 412 690 hinc
423 651 516 695 vestem,
533 657 600 695 arms,
618 642 720 695 tentoria,
737 642 791 688 hinc

127 712 236 757 saevitiam
244 711 400 756 centurionum
406 715 430 754 et
437 708 563 754 vacationes
569 721 687 754 munerum
696 707 787 753 redimi:

129 783 158 829 st,
170 775 267 827 hercule,
279 775 371 821 verbera
381 774 510 826 etvulnera,
521 772 598 817 duram
608 772 710 822 hiemem,
723 786 789 818 exer·

127 841 183 887 citus
195 848 290 893 aestates,
308 839 390 885 bellum
402 845 466 884 atrox
477 844 515 882 aut
530 837 628 883 sterilem
639 851 717 898 pacem
728 851 789 882 sem-

126 905 227 966 piterna:
247 920 289 951 nec
300 903 359 950 aliud
373 904 531 955 levamentum,
548 916 614 960 quam
632 902 650 947 si
665 900 732 946 certis
746 901 789 947 sub

126 970 213 1031 legibus
224 969 303 1014 militia
317 969 423 1024 iniretur;
442 976 467 1012 ut
481 966 582 1026 singulos
597 966 699 1011 denarios
714 980 788 1012 mere·

126 1042 192 1090 rent;
210 1034 386 1081 sextusdecimus
397 1032 500 1093 stipendii
514 1045 585 1077 annus
599 1029 667 1076 finem
682 1029 786 1087 afferren

126 1114 156 1146 ne
167 1099 225 1145 ultra
236 1100 277 1145 sub
288 1098 375 1144 vexillis
385 1105 520 1163 tenerqtur,
536 1096 575 1142 sed
585 1095 662 1141 iisdem
675 1096 698 1141 in
709 1097 788 1141 castris

126 1165 244 1225 praenrium
260 1160 354 1225 pecunib
367 1163 500 1221 solveretur.¹
530 1161 568 1206 Aa
579 1160 695 1221 praetorias
706 1160 787 1205 cobor-

126 1237 167 1284 tes,
179 1245 230 1290 quae
240 1229 305 1276 binos
316 1228 417 1274 denarios
427 1227 559 1287 acciperent,
567 1239 619 1284 quae
629 1232 681 1286 post
688 1225 785 1271 sedecim

125 1309 195 1341 annos
206 1293 323 1355 penatibus
331 1293 377 1338 suis
386 1291 511 1344 reddantur,
522 1289 573 1350 plus
578 1289 726 1351 periculorum
735 1304 786 1336 sus-

123 1358 216 1420 cipere?
234 1358 288 1404 Non
300 1357 417 1404 obtrectari
432 1371 445 1402 a
461 1370 486 1401 se
496 1355 591 1400 urbanas
607 1354 724 1401 excubias:
739 1353 786 1413 sibi

94 1420 95 1423 ’
124 1429 199 1471 tamen
216 1422 274 1483 apud
291 1421 392 1469 horridae
406 1429 487 1482 gentes
500 1435 516 1481 ‚e
532 1419 682 1466 contuberniis
698 1419 786 1466 hostem

126 1489 216 1549 adspici.
718 1506 722 1513 ¹

66 1565 68 1568 ·
158 1550 256 1599 xvln.
267 1551 416 1614 Adstrepebat
424 1550 512 1612 vulgus,
520 1550 614 1597 diversis
622 1547 783 1595 incitamentis:
828 1602 831 1610 Ι

123 1617 147 1663 hi
159 1617 275 1664 verberum
287 1627 358 1671 notas,
370 1616 402 1662 illi
414 1616 525 1668 canitiem,
540 1615 628 1677 plurimi
641 1614 721 1660 detrita
732 1620 784 1674 teg·

123 1683 184 1737 mina
200 1690 223 1729 et
239 1681 420 1743 nudum‘corpus
436 1681 608 1742 exprobrantes:
626 1686 740 1739 postremo
756 1692 784 1724 eo

122 1746 205 1793 luroris
216 1744 304 1800 venere,
316 1755 341 1793 ut
352 1755 397 1793 tres
408 1745 509 1807 legiones
519 1745 613 1791 miscere
623 1745 647 1788 iu
658 1758 724 1789 unam
734 1742 783 1803 agi·

124 1812 235 1858 taverint:
255 1810 340 1872 depulsi
356 1811 505 1861 aemulatione,
520 1810 573 1869 quia
588 1822 636 1855 sure
646 1808 740 1867 quisque
751 1806 784 1854 le·

123 1877 185 1938 gioni
202 1891 253 1922 eum
271 1877 378 1922 honorem
395 1875 532 1935 quaerebant,
548 1874 592 1920 alio
604 1879 700 1925 vertunt,
717 1879 796 1931 atque·

123 1941 168 1987 unri
185 1948 231 1987 tres
248 1941 332 2001 aquilas
348 1949 372 1987 et
388 1941 454 2001 signa
470 1939 594 1985 cohortium
608 1937 698 1983 locent:
718 1934 787 1985 simul

121 2013 248 2067 congerunt
264 2007 372 2068 caespites,
396 2011 514 2051 exstruunt
531 2001 633 2054 tribunal,
648 2016 693 2061 quo
711 1999 785 2062 magis

121 2072 242 2132 conspicua
253 2072 317 2117 sedes
326 2070 391 2117 foret.
425 2068 598 2129 Properantibus
611 2064 701 2113 Blaesus
715 2065 784 2111 sdve-

120 2136 161 2189 nit,
179 2137 348 2196 increpabatque
364 2133 390 2181 sc
403 2134 511 2180 retinebat
526 2131 634 2194 singulos,
651 2130 781 2176 clamitans:

122 2199 202 2246 “Mea
216 2201 290 2261 potius
306 2200 367 2246 caede
385 2199 476 2244 imbuite
490 2211 582 2253 manum
599 2196 684 2242 leviore
698 2193 784 2255 flagitio

122 2264 221 2325 legatum
238 2263 381 2317 interficietis,
393 2278 459 2324 quarn
471 2263 498 2309 ab
509 2263 643 2323 imperatore
654 2260 786 2306 desciscitis.

120 2329 171 2374 Aut
185 2329 304 2375 incolumis
315 2328 380 2375 fidem
391 2328 505 2389 legionum
518 2327 624 2380 retinebo,
642 2332 680 2371 aut
689 2323 784 2386 jugula·

120 2400 157 2440 tus
168 2394 322 2452 poenitentiam
334 2390 485 2439 accelerab0.''
499 2438 501 2443 .

154 2456 227 2503 xlx.
247 2459 405 2520 aggerebatur
421 2456 565 2503 nihilominus
581 2468 672 2516 caespes.
690 2454 786 2514 jamque

111 2523 204 2584 pectori
216 2537 287 2583 usque
295 2531 429 2576 accreverat,
441 2536 493 2567 cum
501 2521 591 2566 tandem
597 2516 722 2579 pervicacib
729 2517 784 2564 victi

101 2587 234 2649 ineoeptum
258 2588 369 2638 omisere.
413 2587 509 2636 Blaesus
534 2581 609 2630 multis
629 2581 718 2652 dicendi
738 2588 798 2631 arte,

90 2647 152 2699 Non
166 2669 217 2717 pet
229 2657 380 2709 seditionem
399 2664 425 2707 ct
441 2655 524 2703 turbas
543 2645 658 2700 desideria
668 2641 772 2688 arduum
781 2637 813 2681 sb
