1680 2910
93 140 127 189 24
190 137 383 188 ANNALIUM
399 138 484 188 Lis-I.
500 136 560 189 cas.
570 143 610 188 st.
645 143 759 192 matus

95 270 135 317 rite
145 284 171 315 nc
178 269 293 324 libertatis,
309 284 374 331 quam
392 269 516 332 Segestem,
528 269 648 334 flagitiosae
659 273 758 319 servitu

93 335 123 387 tis
134 335 221 388 ducein,
232 341 385 395 sequerentur.
622 347 624 353 ·

127 396 182 446 Lx.
200 397 290 447 Conciti
307 415 348 461 per
366 401 415 446 haec
432 415 479 446 non
496 400 563 448 modo
582 398 700 453 Chenisci,
717 401 758 448 sed

93 464 240 511 conterminae
251 473 344 527 gentes:
364 471 491 526 tractusque
501 465 524 511 in
536 475 610 526 partes
622 463 756 528 Inguiome-

92 544 138 584 rus,
151 529 249 576 Arminii
258 537 356 592 pstruus,
376 531 446 576 veteri
458 531 517 592 apud
530 529 648 576 Romanos
658 530 757 576 auctori·

94 600 153 640 tute:
173 595 233 640 unde
244 596 315 657 major
326 591 412 643 caesari
422 602 511 641 metus:
523 603 552 647 et,
564 611 593 641 ne
603 594 686 642 bellum
696 595 757 642 mole

93 657 140 705 unia
155 659 277 720 ingrueret,
297 657 419 713 Caecinnm,
437 675 487 706 cum
500 660 645 720 quadraginta
656 660 756 707 cohorti·

92 724 135 770 bus
154 722 271 777 Romanis,
289 724 430 771 distrahendo
447 725 513 779 hosti,
531 740 571 785 per
581 723 711 777 Bructeros.
729 725 757 772 sd

93 787 178 835 flumen
190 789 301 836 Amisiam
311 790 394 836 mittit:
413 790 510 850 equitem
522 789 584 835 Pedo
595 788 717 850 praefectus
728 788 755 836 ll·

94 855 160 900 nibus
179 851 303 899 Frisiorum
315 853 389 899 ducit:
408 854 456 914 ipse
469 854 584 916 impositas
594 855 688 901 navibus
698 869 754 916 qus·

94 925 147 964 tuor
158 917 259 978 legiones
269 931 309 979 per
316 917 378 963 lucus
389 918 451 963 vexit
457 934 464 973 ;
478 919 587 978 simulque
594 917 669 980 pedes,
678 934 755 980 eques,

94 983 179 1036 classis,
191 982 248 1042 apud
255 982 387 1042 praedictum
398 995 487 1046 emnem
498 980 632 1029 convenire.
660 980 755 1040 Cheiici,

94 1062 145 1094 cum
166 1046 248 1092 auxilie
268 1046 431 1108 pollicerentur,
453 1048 477 1093 in
499 1047 653 1094 commilitium
676 1048 756 1096 adsciti

93 1119 154 1159 sunt.
185 1109 307 1159 Bructeros
318 1126 358 1158 sun
369 1119 459 1158 urentes
469 1111 572 1174 expeditis
582 1127 633 1158 cum
644 1126 713 1160 manu
725 1112 756 1161 Ia.

94 1176 221 1231 Stertinius,
237 1175 307 1223 missu
320 1176 455 1231 Germanici,
465 1177 538 1234 fudit;
555 1178 657 1237 interque
668 1178 755 1225 caedem

92 1249 117 1290 et
132 1242 230 1303 predam
247 1241 328 1302 reperit
346 1241 517 1289 undevicesimae
535 1243 632 1303 legionis
649 1243 755 1303 aquilem,

92 1323 145 1354 cum
156 1305 219 1352 Varo
229 1306 341 1353 emissem.
374 1305 476 1353 Doctum
495 1307 547 1353 inde
563 1321 645 1367 agmen
661 1307 689 1353 sd
700 1307 755 1354 ulti·

92 1388 142 1418 mos
159 1370 336 1427 Bructerorum
352 1380 502 1433 quantumque
519 1371 629 1418 Amisiam
649 1380 672 1418 et
690 1370 755 1435 an

26 1487 28 1493 ⁴
92 1438 151 1499 piam
164 1450 240 1482 amnes
257 1435 321 1490 inter,
333 1442 451 1489 vestitum,
464 1437 521 1482 hund
537 1438 615 1497 procul
625 1435 755 1485 Teutobur·

92 1501 166 1562 giensi
178 1500 241 1554 saltu,
253 1500 276 1545 in
287 1515 331 1560 quo
342 1502 441 1562 reliquiae
453 1500 508 1548 Vari
518 1496 677 1563 legionumque
692 1494 754 1550 inse'·

91 1566 160 1629 pultat
172 1564 307 1611 dicebantur.

126 1627 195 1675 LXI.
212 1627 287 1688 Igitur
304 1631 384 1692 cupido
405 1628 518 1678 Caessrcm
538 1631 630 1685 invadit,
653 1630 755 1678 solvendi

36 1713 39 1719 ·
92 1710 197 1756 suprema
213 1694 319 1740 militibus
338 1695 447 1754 ducique;
464 1698 565 1757 permoto
582 1696 609 1741 sd
628 1696 754 1742 miseratio·

92 1775 144 1806 nem
161 1760 228 1812 omni,
240 1760 278 1818 qui
292 1760 373 1813 aderat,
385 1761 490 1812 exercitu,
503 1761 532 1805 ob
542 1761 684 1822 propinquos,
696 1761 753 1806 smi-

93 1840 139 1877 cos‚
151 1824 246 1884 denique
260 1825 289 1870 ob
303 1839 368 1870 casus
378 1825 485 1871 bellorum
496 1834 520 1871 et
530 1833 613 1872 sortem
629 1825 754 1871 hominnm.

93 1889 215 1936 Praemisso
233 1885 332 1941 Caecinii,
350 1897 374 1934 ut
391 1890 479 1936 occulta
496 1889 591 1936 saltuum
610 1884 754 1944 scrutaretur,

92 1963 216 2017 pontesque
227 1961 250 1999 et
261 1968 357 2015 aggeres
376 1954 466 2000 humido
482 1955 586 2015 paludum
605 1961 629 1999 et
639 1954 754 2000 fallacibus

93 2020 176 2080 campis
186 2019 317 2079 imponeret,
336 2019 442 2064 incedunt
459 2027 553 2065 moestos
572 2019 641 2073 locos,
658 2016 754 2080 visuque

92 2098 118 2129 ac
135 2081 244 2129 memoriis
253 2082 378 2129 deformes..
403 2083 480 2130 Prima
490 2082 546 2130 Vari
557 2091 635 2138 essue,
646 2083 693 2130 lato
704 2099 753 2129 ern·

91 2148 146 2201 bitu,
164 2158 187 2193 et
197 2148 304 2194 dimensis
317 2149 436 2209 principiis,
456 2149 523 2194 trium
539 2149 655 2210 legionum
673 2163 754 2194 munus

92 2213 248 2258 ostentabant:
269 2213 328 2267 dein,
340 2214 446 2258 semiruto
461 2214 527 2266 vallo,
538 2214 616 2259 humili
626 2212 695 2268 fossi,
714 2228 753 2258 ac·

93 2278 146 2322 cisae
152 2279 200 2339 jam
212 2278 312 2336 reliquiae
326 2278 453 2323 consedisse
464 2279 659 2340 intelligebantur:
679 2278 753 2323 medio

93 2343 164 2403 compi
176 2341 271 2388 albentia
281 2358 338 2394 osss,
359 2350 383 2388 ut
401 2342 513 2404 fugerant,
524 2341 549 2389 ui
560 2344 694 2397 restiterant,
707 2343 753 2387 dis·

87 2408 149 2468 jecta
172 2406 207 2451 vel
229 2414 350 2467 aggerata:
370 2408 499 2469 adjacebant
516 2407 628 2470 fragmina
649 2407 753 2461 telorum,

92 2468 245 2531 eiquorumque
257 2478 323 2525 artus,
344 2472 410 2517 simul
429 2472 514 2519 truncis
533 2474 635 2518 arborum
656 2470 754 2517 antefixa

89 2552 142 2582 ora:
160 2536 219 2582 lueis
230 2535 361 2598 propinquis
375 2538 476 2584 barbarae
485 2553 539 2590 arae,
549 2536 610 2596 spnd
618 2551 675 2593 quus
683 2537 754 2580 tribu-

75 2615 123 2654 nos,
137 2603 307 2664 septimorum
319 2603 428 2651 ordinum
439 2602 589 2650 centuriones
597 2602 768 2662 mactsncrnnm

64 2673 89 2708 et
98 2666 175 2716 cledis
185 2670 242 2734 eius
253 2671 408 2738 superstites,
419 2681 529 2736 pugnem
540 2669 585 2713 aut
592 2658 690 2748 uinctus
703 2656 784 2710 uass,
