1680 2910
55 145 112 186 Μ).
122 144 155 185 1⁵.
204 139 396 191 ANNALIUM
413 141 465 190 Lm.
477 139 497 191 I.
511 139 571 192 Car.
583 142 624 192 59.
687 147 718 190 88

55 274 142 320 babeo:
162 286 234 334 neque
252 272 281 319 ob
297 273 422 334 praemium,
442 273 481 320 sed
493 280 518 320 ut
528 287 566 320 me
575 269 667 336 perfidiis
677 285 719 320 ex-

56 338 159 394 solvam3
176 337 243 384 simul
254 338 318 400 genti
331 337 496 385 Germanorum
508 338 602 384 idoneus
613 336 718 385 eoncilia·

55 402 131 457 tonsi
196 403 297 448 incutiam
308 417 375 463 quam
391 403 512 464 perniciem
528 402 640 448 maluerit.
672 400 718 449 Pro

51 467 125 530 juven
161 473 185 514 et
195 481 271 514 emere
280 465 320 513 lilii
330 467 419 514 veniam
429 482 522 529 precor:
540 465 608 514 liliam
619 467 719 513 necessi·

55 539 105 579 tate
126 531 170 578 buc
189 531 313 586 adductum,
332 532 417 580 fateor:
442 539 506 578 tuum
524 532 567 577 erit
584 530 718 585 consultare,

57 604 135 643 utrum
145 595 272 658 praevaleat,
281 597 340 656 quod
351 611 380 642 ex
391 596 494 647 Amrinio
505 597 615 658 concepit,
622 611 651 643 an
659 596 720 657 quod

57 674 89 707 ex
100 675 138 708 me
154 661 231 723 genita
241 659 300 707 est.”
334 659 419 717 Caesar,
436 662 541 708 clementi
560 675 673 723 responso,
690 661 718 706 li-

56 726 118 773 beris
128 725 301 788 propinquisque
319 728 367 788 ejus
386 726 571 783 incolumitatem,
590 727 632 789 ipsi
643 725 719 772 sedem

56 798 135 838 vetere
151 791 175 836 in
192 787 308 900 provincii
316 791 440 852 pollicetur.
472 790 604 837 Exercitum
622 790 719 846 reduxit,

56 869 186 916 nomenque
210 856 348 916 inperatoris,
359 861 450 901 auctore
460 852 557 908 liberio,
564 854 656 916 accepit.
672 853 719 901 Ar·

57 919 122 966 minii
143 933 202 966 uxor
221 920 293 966 virilis
311 920 379 966 sexds
398 919 489 980 stirpem
511 918 592 964 edidit:
612 919 719 966 educatus

58 983 178 1031 &vennae
188 999 250 1046 puer,
261 999 306 1045 quo
317 998 372 1031 mox
381 983 475 1030 ludibrio
485 981 626 1031 conflictatus
641 985 677 1040 sit,
694 984 718 1031 in

57 1056 160 1111 tempore
170 1050 305 1096 memorabo.

92 1112 162 1160 le.
178 1112 248 1160 Fama
269 1113 337 1160 dediti
355 1113 495 1176 benigneque
511 1112 599 1174 excepti
619 1113 721 1174 Segestis

59 1178 159 1241 vulgata,
178 1185 203 1224 ut
213 1178 336 1239 quibusque
346 1178 428 1224 bellum
443 1179 518 1225 invitis
529 1185 568 1224 aut
582 1178 721 1239 cupientibus

60 1249 115 1306 erat,
128 1256 167 1303 spe
178 1241 215 1288 vel
225 1242 301 1289 dolore
312 1243 426 1304 accipitur.
457 1243 592 1296 Arminium,
607 1256 674 1303 super
684 1242 719 1286 in·

60 1308 127 1354 sitam
142 1306 279 1362 violentiam,
290 1313 353 1370 rapta
363 1322 426 1363 uxor,
439 1308 549 1370 subjectus
560 1306 651 1354 servitio
662 1320 720 1352 uxo·

59 1373 91 1419 ris
100 1378 184 1425 uterus,
195 1371 313 1418 vecordem
324 1373 432 1435 agebant:
448 1373 597 1433 volitabatque
606 1386 647 1434 per
658 1367 719 1417 che-

60 1452 146 1492 ruscos,
167 1451 228 1482 arma
238 1437 261 1483 in
274 1436 397 1499 Segestem,
415 1452 477 1483 arma
493 1437 517 1483 in
536 1435 649 1484 Caesarem
667 1449 719 1496 pos·

60 1516 130 1548 cens:
157 1502 334 1562 nequeprobris
355 1502 503 1562 temperabat:
533 1499 658 1564 Egregium
680 1514 720 1561 pa·

60 1565 135 1613 trem!
157 1579 265 1628 magnum
285 1565 452 1627 imperatorem!
477 1565 559 1612 fortem
580 1562 720 1612 exercitum!

61 1645 157 1693 quorum
169 1638 203 1677 tot
214 1645 294 1677 manus
305 1646 371 1676 unam
382 1631 534 1677 mulierculam
545 1630 667 1682 evexerint.
684 1628 721 1676 Si·

60 1696 83 1743 bi
94 1702 141 1741 tres
151 1695 259 1757 legiones,
279 1696 371 1741 totidem
388 1695 475 1756 legatos
484 1695 633 1757 procubuisse
666 1693 722 1740 Non

61 1760 121 1808 enim
134 1775 159 1806 se
174 1760 307 1822 proditione,
325 1774 396 1820 neque
413 1760 519 1806 adversus
535 1758 629 1805 seminas
646 1760 722 1820 gravi·

61 1825 108 1879 das,
129 1824 169 1871 sed
184 1824 258 1886 palam
276 1824 381 1870 adversus
398 1832 494 1870 armatos
510 1824 592 1870 bellurn
609 1832 721 1870 tractaret

61 1890 125 1937 cerni
137 1889 209 1936 adbuc
229 1887 395 1936 Germanorum
413 1889 437 1934 in
456 1889 512 1934 lucis
529 1889 595 1949 signa
611 1887 723 1943 Romana,

62 1969 116 2016 quae
127 1954 169 2001 diis
179 1953 256 2015 patriis
267 1953 412 2015 suspenderit.
446 1951 537 2001 Celeret
556 1953 661 2014 Segestes
675 1952 724 1997 vic-

63 2026 111 2067 tam
132 2020 221 2081 ripams
240 2018 341 2064 redderet
362 2017 407 2064 filio
428 2018 590 2064 sacerdotiumr
610 2017 724 2063 bominem

64 2085 195 2133 Germanos
213 2097 328 2143 nunquam
347 2083 401 2128 sutis
418 2089 569 2138 excusaturos,
589 2081 649 2142 quod
668 2082 726 2127 inter

64 2149 143 2195 Albim
155 2156 177 2194 et
189 2147 296 2194 Rhenum
315 2148 391 2209 virgas
407 2154 429 2192 et
440 2162 528 2194 secures
539 2155 563 2193 et
573 2154 650 2208 togam
662 2146 724 2192 vide-
743 2140 748 2147 ’

64 2213 118 2259 rint.
144 2211 204 2258 Aliis
214 2212 326 2275 gentibus,
338 2209 465 2274 ignorantiis
475 2213 560 2273 imperii
571 2210 677 2266 Romani,
689 2211 724 2256 in·

65 2283 159 2339 experta
169 2291 220 2323 esse
230 2277 344 2338 supplicia,
363 2278 438 2323 nescia
453 2277 548 2323 tributo:
568 2291 620 2336 quae
637 2275 726 2336 quando

65 2342 177 2394 exuerint,
196 2341 318 2401 irritasque
332 2341 457 2393 discesserit
473 2341 511 2386 ille
520 2343 579 2386 inter
589 2341 681 2386 numina
692 2340 726 2385 di·

66 2414 129 2452 catus
141 2403 269 2467 Augustus,
281 2405 319 2452 ille
329 2406 427 2452 delectus
440 2404 549 2459 Tiberius,
561 2419 590 2450 ne
600 2404 729 2463 imperitum

66 2470 266 2524 adolescentulum,
287 2485 315 2517 ne
334 2470 466 2519 seditiosum
485 2470 616 2518 exercitum
629 2479 744 2528 pauesce-

64 2542 119 2580 rent
153 2534 181 2581 si
188 2536 292 2596 petriam,
311 2546 429 2602 parentes,
449 2538 549 2602 antiqua
562 2534 673 2584 mallent,
689 2539 766 2586 qum

53 2596 159 2646 dominos
169 2607 193 2647 et
204 2601 311 2654 colonias
328 2622 424 2671 novas;
442 2607 592 2660 Arminium
607 2597 706 2666 potine,
724 2588 783 2647 ul*
