1680 2910
200 127 250 181 294
389 116 684 170 SUPPLEMENTUM
759 118 821 167 mc.

196 258 259 305 'rum
270 258 334 302 metu
348 252 431 315 potius,
445 267 513 315 quam
526 253 643 300 literatum
654 252 739 301 studio.
783 260 789 275 ¹
807 252 824 295 ἰ

207 323 277 374 emm,
297 319 431 366 veritusne
450 319 510 365 diem
529 333 595 365 sunm
614 318 713 365 natalem
732 320 764 367 ob
781 318 818 366 int

207 385 309 447 eclipsim
326 384 490 446 inauspicatum
509 384 601 430 baberet
618 383 723 446 populus,
740 384 836 433 denunti

210 449 319 500 Calendis
331 449 444 511 Augustis
458 447 529 496 solem
544 463 574 495 ex
588 449 713 510 quadrante
723 449 816 497 deiectu

208 516 277 576 idme
288 529 335 562 non
344 514 379 568 iri
390 513 464 569 dedm,
476 514 516 561 sed
524 513 590 561 statis
597 523 686 562 naturae
692 515 785 578 legibus
793 530 838 563 con

209 594 282 643 gere:
312 580 382 627 solem
406 580 536 626 interventu
556 580 618 627 lunae
641 579 769 628 occultari:
800 596 824 643 p:

210 646 289 693 lunam
304 645 403 691 hebetari
415 645 438 691 in
450 645 496 692 suis
507 643 610 706 deliquiis
617 652 686 692 terrae
694 646 799 708 objectu:
815 662 831 708 p

209 716 246 758 ter
270 710 409 772 multivagos
424 709 486 757 lunae
501 707 581 765 flexus,
602 710 645 757 hos
659 711 753 771 quidem
769 711 814 757 utri
837 734 838 737 ¹

210 775 290 823 sideris
310 774 411 822 defectus
430 789 477 822 non
493 789 544 822 esse
559 783 696 831 menstruos,
713 783 791 823 certos
808 785 840 822 t„

210 841 314 888 ducentis
324 841 406 902 viginti
416 840 488 886 tribus
498 841 614 887 mensibus
624 842 713 888 insuos
720 843 790 889 orbes
813 863 839 881 ·-·ι

210 907 252 953 lras
275 913 363 953 namtas
379 905 449 968 leges,
469 905 559 953 Graecis
571 906 706 967 J'amdndum
724 907 837 969 deprebe

211 971 272 1032 apud
282 970 403 1018 Romanos
415 970 509 1032 Sulpicii
521 971 583 1019 Galli
595 969 689 1018 scientii
702 973 817 1020 nobilita
829 1008 831 1013 Α

211 1037 286 1084 edicto
301 1037 417 1098 publicari,
433 1043 459 1082 ut
474 1037 498 1083 in
510 1037 551 1083 hac
561 1037 649 1099 imperii
658 1036 825 1099 literarumque

211 1103 312 1163 quisque,
329 1109 392 1148 metu
409 1101 503 1157 solutus,
520 1117 576 1149 vera
591 1101 619 1148 de
635 1099 717 1148 naturb
733 1103 827 1157 sentiat,

210 1173 313 1214 monstra
332 1173 474 1228 expavescat.
507 1165 558 1213 Tali
578 1168 668 1227 quidem
687 1167 765 1213 edicto
780 1168 817 1214 in
834 1192 836 1195 v

211 1231 313 1279 sideralis
328 1233 434 1279 scicntia:
454 1239 478 1278 at
491 1231 514 1277 in
530 1231 595 1293 vulgi
609 1230 691 1278 animia
701 1245 794 1293 semper
803 1233 837 1279 in

212 1297 342 1359 superstitio
349 1313 357 1352 ;
368 1305 400 1348 „et
414 1311 510 1358 pavores
522 1296 629 1358 principis
642 1297 796 1344 scrutantibus
810 1313 837 1344 οι

212 1376 343 1410 sermonum
350 1363 500 1424 jocorumque
510 1360 611 1408 materia.

244 1426 400 1490 [Amoliendis
410 1427 476 1472 rebus
487 1426 553 1472 novis
564 1426 669 1473 meliores
678 1422 744 1472 inire
756 1427 812 1484 ludi,
834 1452 839 1471 .

212 1490 323 1540 Claudius
334 1498 427 1538 voverat
439 1490 571 1537 Britannico
582 1491 648 1546 bello,
660 1506 720 1538 nnnc
730 1493 794 1539 editi.

211 1558 284 1604 titiam
297 1557 360 1603 auxit
370 1556 475 1617 principis
490 1557 595 1617 largiti03
613 1557 702 1617 datique
716 1557 803 1604 viritim
818 1575 836 1621 p

211 1638 264 1683 quae
276 1637 304 1668 ex
315 1622 403 1683 publico
413 1620 552 1667 frumentum
567 1622 698 1682 accipiebat,
712 1624 800 1670 treceni
816 1639 840 1671 u

211 1688 260 1742 mi;
283 1687 397 1732 nonnullis
414 1687 503 1748 plures:
528 1687 660 1747 quibusdam
675 1687 743 1734 etiarn
761 1689 826 1736 mille

212 1753 274 1798 centi
285 1752 454 1813 quinquaginta
489 1751 581 1798 Partem
598 1751 683 1806 Caesar,
698 1760 786 1813 partem
802 1770 835 1817 ge

213 1815 351 1871 distribuite,
368 1832 397 1863 ne
411 1832 452 1878 per
465 1817 542 1878 plnres
555 1818 603 1864 dies
615 1819 692 1880 ajute
702 1817 802 1865 dicundo
814 1835 838 1866 a·

212 1889 289 1929 neret:
306 1883 347 1929 hac
356 1882 379 1928 in
388 1898 412 1928 re
421 1897 535 1942 nunquam
545 1883 658 1937 intentior,
670 1897 737 1942 quam
749 1884 804 1930 dum
817 1901 833 1931 u

213 1948 267 1994 dum
284 1948 356 1994 liberti
372 1948 447 1994 omnia
461 1947 522 2001 luxu,
537 1948 635 2002 libidine,
650 1948 734 1995 scelere
750 1949 834 1996 misce

213 2013 261 2060 Sub
278 2014 330 2060 anni
344 2012 420 2070 finem,
434 2013 493 2059 diem
509 2013 665 2060 Saturnalibus
678 2010 759 2062 aCaio
774 2015 837 2062 addit

210 2086 290 2141 postea
301 2079 416 2131 omissum,
428 2079 532 2125 restituit.

245 2143 322 2206 [Nihil
336 2144 481 2190 memorabile
494 2145 517 2191 in
527 2144 649 2206 provinciis
660 2151 759 2209 gestum.
795 2144 818 2196 C
838 2170 840 2175 ⁴

212 2207 282 2262 Pado,
298 2208 386 2256 Judaeae
397 2211 543 2270 procuratori,
559 2225 676 2257 successor
686 2211 752 2258 datus
763 2219 799 2259 est

210 2273 258 2320 rius
270 2274 406 2329 Alexander,
418 2282 482 2335 patre
493 2274 510 2322 J
511 2275 582 2332 udaeo,
595 2276 741 2323 Alexandriae
756 2277 813 2324 alm
837 2301 840 2318 ‹

140 2356 142 2360 ⁸
209 2340 316 2400 genitua3
334 2338 490 2386 Romanarum
505 2354 580 2390 rerum
598 2347 661 2389 tanto
676 2343 805 2399 studiosior,

207 2406 319 2465 apamiis
338 2405 407 2450 sacris
426 2405 544 2452 defecerat
582 2405 653 2453 Hand
668 2408 757 2454 minore
776 2408 832 2457 Jud

209 2470 285 2528 gentis
296 2467 375 2530 glorii,
391 2485 457 2530 quam
470 2471 572 2525 utilitate,
587 2470 736 2519 defectionem
748 2473 810 2520 illam
829 2498 835 2516 0

204 2532 409 2593 saverant'lzates,
423 2535 651 2589 Adiabenorumrcx,
660 2538 818 2597 etc'pusmatcr
837 2544 840 2579 t

195 2605 260 2662 lena,
280 2604 426 2656 Judaeorum
444 2603 587 2668 religionem
603 2599 711 2662 proiessi=
741 2600 817 2642 Genti
838 2621 840 2625 ,

184 2677 263 2738 gravi
274 2675 344 2728 fame
356 2673 512 2730 conflictatus
523 2669 702 2722 summorum,
709 2659 798 2706 lantes
812 2679 830 2695 »-
