1680 2910
110 145 157 191 11⁸
189 141 383 193 ANNALIUM
399 140 509 192 muna
522 139 630 193 cunno.
659 141 780 188 [hc-m

106 272 190 329 Asiam
206 279 268 320 sorte
286 274 384 330 haberet,
400 273 530 335 postulavit,
551 271 635 320 frustra
650 269 778 332 vulgatum,

109 337 221 394 dictitans,
239 353 286 385 non
304 339 373 386 licere
387 337 494 386 Daunus
512 339 590 402 egredi
608 335 686 384 Iulis:
707 337 788 396 neque

108 401 169 448 uliud
185 404 314 465 jussuum,
332 419 399 465 quum
416 403 565 459 Martialium,
584 400 781 461 Quirinaliumque

110 465 243 515 flaminum=
262 484 336 531 porro,
348 469 368 516 si
376 469 662 532 hidnxissentprovincias,
671 463 780 514 curDia·

109 531 169 580 libus
179 533 203 580 id
213 533 327 581 vetitum?
343 535 405 582 nulla
415 535 444 581 de
454 550 483 582 eo
493 534 570 597 populi
581 535 643 588 scita,
659 547 706 580 non
716 531 741 577 in
751 529 780 576 li·

109 597 155 646 bris
166 598 346 647 cerimoniarum
358 599 456 661 reperiri.
489 599 557 661 Saepe
571 597 689 662 pontifices
703 594 782 643 Diam

111 677 176 713 secra
184 662 273 720 iecisse,
281 664 303 710 *si
315 663 398 712 flamen
404 665 534 712 valetudine
542 673 581 711 aut
589 679 683 711 munere
691 660 781 724 publico

110 729 270 790 impediremus
288 729 375 777 duobus
386 735 410 777 et
419 730 563 793 septuaginta
577 729 642 777 annis
655 735 709 791 post
721 723 780 774 Cor·

110 792 165 841 nulii
176 792 276 841 Merulae
287 794 372 842 caedem
383 795 497 843 nminem
508 793 642 851 suffectum
660 807 735 854 neque
746 797 780 836 ta-

110 872 167 906 men
182 859 306 906 cessavisse
323 859 364 906 reli
383 860 452 908 'ones
486 860 555 915 Quod
572 861 591 908 si
606 875 647 923 per
663 865 699 905 tot
709 869 782 904 unncs

112 924 184 986 possit
194 939 241 971 non
252 925 329 980 creari,
344 939 359 971 n
417 940 533 973 sectorum
543 926 632 980 damno,
649 929 735 985 quanto
746 918 780 967 fa·

110 988 179 1036 cilius
189 988 317 1037 abfutumm
330 989 436 1055 aduniat
447 991 501 1039 unni
513 990 675 1054 proconsulare
690 985 781 1050 tmperi-

112 1053 169 1103 um?
187 1052 286 1102 Privatis
296 1056 351 1102 olim
362 1055 512 1105 sinltnoh‘s
522 1053 634 1111 effectum,
646 1062 672 1101 ut
682 1069 698 1102 a
706 1050 783 1116 ponti·

111 1117 302 1169 fleibnsmsximis
308 1122 342 1168 ire
348 1121 373 1168 ln
380 1121 508 1184 provincias
515 1121 698 1183 prohiberentur:
713 1130 781 1170 nunc,

113 1183 194 1232 Deum
204 1200 304 1242 munere,
321 1201 435 1233 summum
447 1185 579 1250 pontificum
588 1187 658 1234 etiam
668 1190 782 1232 summum

112 1251 230 1298 hominum
241 1266 298 1307 esse,
310 1266 357 1298 nou
367 1251 515 1309 aemulationi,
527 1266 573 1299 non
584 1251 643 1306 odo,
655 1256 695 1297 aut
705 1248 780 1312 priva·

114 1315 144 1363 tis
155 1315 309 1364 affectionibm
320 1317 449 1364 obnoxium.

146 1378 216 1427 le.
232 1381 350 1428 Adversus
360 1395 413 1441 ques
422 1395 475 1428 cum
492 1395 566 1444 augur
577 1380 691 1428 Lentrdus
701 1378 782 1440 aliique

112 1446 176 1492 ruric
186 1445 327 1500 dissererem,
338 1461 366 1492 eo
374 1445 494 1493 decursum
505 1453 546 1500 est,
558 1454 584 1493 ut
593 1445 708 1508 pontilicis
721 1457 783 1491 max.

108 1512 251 1558 vsententiam
262 1510 424 1574 opperirentur.
451 1509 567 1566 ‘liberius
579 1510 648 1558 dilati
654 1508 784 1559 nationale

110 1576 164 1637 jure
174 1575 279 1631 flaminis,
293 1577 395 1624 decretas
405 1576 434 1624 ob
445 1577 586 1624 tribunicium
598 1575 671 1624 Drusi
681 1580 783 1638 potcsta-

113 1647 160 1687 tem
171 1641 313 1699 coerimonias
323 1641 473 1704 temperavit3
490 1642 623 1688 nominatim
637 1657 736 1704 arguens
746 1641 782 1686 iu·

111 1705 232 1753 solentiam
244 1707 369 1761 sententie,
380 1722 504 1768 aureasque
514 1708 591 1754 literas
600 1716 680 1754 conns
685 1707 782 1768 patrium
805 1741 808 1746 -

113 1784 209 1816 morem.
237 1769 354 1818 nantas
365 1778 388 1820 et
399 1771 473 1820 Drusi
483 1772 592 1834 epistole,
608 1787 743 1833 quamquem
755 1774 783 1819 ad

114 1835 248 1882 modestiam
268 1834 343 1890 flexus,
371 1852 412 1899 pm
440 1838 604 1900 superbissimis
626 1837 780 1898 accipiuntur:

115 1899 172 1947 Huc
188 1899 298 1948 decidisse
311 1909 399 1957 cuncta,
416 1910 444 1950 ut
458 1918 487 1950 ne
498 1903 590 1964 juvenis
605 1902 703 1963 quidem,
719 1910 783 1950 tanto
806 1928 809 1933 ·

112 1966 200 2013 honore
212 1973 311 2028 accepto,
327 1968 469 2015 adireturbia
486 1967 558 2022 Deos,
575 1967 731 2029 ingrederetur
747 1983 783 2015 se·

113 2038 200 2087 natum,
211 2032 311 2092 auspiciu
321 2033 400 2080 saltem
411 2033 498 2096 gentile
508 2032 568 2095 apud
575 2033 649 2079 solum
657 2031 784 2094 inciperet?

114 2095 207 2143 Mum
219 2097 310 2151 scilicet,
322 2109 361 2144 aut
372 2098 461 2145 diverm
471 2105 582 2145 terrarum
593 2097 700 2151 distineri,
717 2098 785 2145 litore

112 2169 137 2209 et
147 2162 209 2208 lucus
220 2159 353 2224 Campaniae
368 2179 421 2210 cum
437 2164 536 2210 maxime
546 2170 712 2225 peragrantem.
746 2163 784 2210 Sic

116 2227 185 2273 insbui
201 2234 312 2274 rectorem
326 2228 417 2291 generis
433 2228 537 2276 humani:
556 2228 580 2275 id
596 2227 694 2290 primum
712 2242 726 2274 e
744 2243 784 2290 pa·

114 2291 186 2338 ternis
200 2293 300 2340 consiliis
315 2293 408 2342 discere.
441 2294 501 2341 Sane
512 2301 644 2356 gravaretur
654 2294 784 2354 adspectum

115 2356 199 2403 civium
212 2372 281 2404 senex
292 2358 419 2420 imperator,
435 2358 563 2420 fessamque
574 2366 671 2412 estatem,
688 2366 711 2404 et
722 2366 785 2404 actos

116 2421 204 2469 labores
210 2422 376 2483 praetenderet:
396 2422 475 2471 Druso
484 2425 550 2484 quod
560 2424 602 2470 nisi
611 2439 640 2470 ex
648 2422 785 2484 arrogandi,

118 2487 322 2549 impedimentum?

147 2551 205 2600 LX.
223 2552 270 2601 sed
286 2550 397 2610 Tiberius,
415 2554 462 2600 vim
478 2553 615 2615 priuciputds
632 2553 672 2599 sibi
683 2551 785 2611 firmans,

100 2616 234 2681 imaginem
257 2620 405 2686 antiquitatis
427 2619 520 2670 senatur
535 2619 660 2681 piebem,
678 2618 795 2675 widdo

82 2685 278 2746 provinciarum
301 2691 332 2740 sd
357 2687 553 2755 disquisitionun
571 2690 668 2747 patrum
688 2678 815 2723 mittendu-

15 2746 26 2845 Ι
