1680 2910
59 112 113 156 Μ.
125 119 158 154 43.
218 111 271 160 Lm.
284 110 330 159 IX.
348 110 547 160 ANNALIUM.
686 118 734 160 283

59 243 86 290 in
103 242 244 290 Britanniam
261 244 419 299 transmittere,
437 243 491 290 dum
510 240 590 291 Caesar
603 242 734 305 elephantos

60 314 190 370 caeteraque
199 308 309 356 bellorum
321 309 425 356 terricula
435 315 530 369 pararet.

96 369 142 435 [Aa
152 373 260 436 legiones,
272 388 349 421 secum
361 381 490 436 reputantes
500 374 608 435 quabtula
616 372 650 420 D.
656 371 734 422 Julius

59 438 86 484 in
102 436 223 485 Britannia
237 439 352 500 gessisset,
368 453 435 500 quarn
451 438 499 485 dira
508 453 627 501 perpessus
638 446 699 486 esset
708 439 733 486 in

60 501 155 550 oceano
168 503 326 559 Germanicus,
338 505 449 550 exoticam
454 511 484 550 et
491 503 550 550 ultra
557 512 667 550 terrarum
675 502 733 551 fines

60 567 171 623 militiam,
192 568 266 614 lenam
275 569 417 623 discriminis,
423 569 602 624 laudisvacuam,
611 570 733 631 adspema·

60 634 150 680 bantur.
205 632 294 688 lautius,
311 634 346 680 vir
355 633 414 679 bello
425 634 537 695 egregius,
548 649 678 695 gnarusque
688 635 731 680 mi·

59 698 113 744 lites
120 696 204 744 frustra
215 699 242 744 ad
251 699 328 744 odiosa
338 698 429 760 impelli,
441 714 480 744 eos
492 699 617 745 cunctando
628 699 656 746 sd
668 713 731 761 spem

60 776 207 825 amoremque
222 763 325 810 victoriae
340 763 469 810 adducebat
509 761 594 817 Caesar,
617 778 732 810 morarum

59 828 188 889 impatiens,
200 826 333 874 Narcissum
344 828 419 882 mittit,
431 831 468 889 qui
478 843 524 874 rem
532 828 671 889 deproperet.
699 826 731 884 Is,-

59 907 180 955 personam
186 893 284 954 juraque
293 893 399 955 principis
409 893 433 938 in
447 891 510 938 Urbe
520 907 627 953 usurpare
643 893 731 951 solitus,

61 956 146 1004 Plautii
154 957 250 1003 tribunal
258 957 396 1004 conscendit.
412 957 509 1013 Milites,
518 959 637 1018 superbum
650 971 733 1020 gean

60 1029 86 1070 et
101 1022 213 1083 opprobrii
228 1022 454 1084 indignantissimum,
471 1022 544 1068 liberti
560 1023 674 1068 audaciam
690 1037 731 1069 ex·

59 1088 208 1134 horrescunt:
222 1092 237 1116 ⁴⁴
246 1085 273 1133 Io
283 1085 441 1134 Satumalia!”
453 1087 610 1144 occlamitant;
622 1093 731 1149 etperso-¹
778 1078 783 1094 “

60 1159 141 1200 uatum
157 1152 280 1213 principem
297 1150 409 1207 ludificati,
434 1150 548 1199 Plautium
568 1151 647 1198 ducem
665 1165 733 1199 suum

60 1231 126 1274 esse3
143 1232 189 1276 quo
196 1218 296 1280 jusserit,
313 1217 389 1264 statim
399 1218 477 1270 ituros,
494 1216 626 1278 gloriantur.

64 1320 66 1325 .
94 1279 217 1344 [Plautius
238 1297 267 1328 ne
283 1281 414 1343 indignatio,
435 1281 464 1328 ad
479 1296 516 1327 res
532 1297 637 1342 quasque,
654 1287 678 1328 et
693 1281 731 1327 ina

60 1346 140 1409 primis
154 1347 261 1393 militares
271 1346 414 1400 validissima,
425 1346 599 1408 elanguesceret,
612 1346 730 1393 confestim

60 1426 133 1459 naves
148 1412 293 1468 conscendit;
310 1411 429 1473 copiasque
439 1412 463 1457 in
474 1417 523 1458 tres'
530 1418 605 1472 partes
620 1411 734 1466 distraxi&

13 1517 17 1522 .
60 1479 88 1523 rit
99 1477 145 1522 suis
157 1475 249 1530 facilior,
260 1476 361 1523 hostibus
371 1475 536 1522 formidolosior
547 1474 605 1522 foret
616 1477 731 1538 appulsum

60 1540 169 1588 Reflante
177 1548 246 1588 vento
258 1540 392 1602 aliquamdiu
403 1542 513 1595 retroacti,
532 1539 635 1587 restitere
645 1551 729 1597 tamen,

59 1613 111 1652 turn
122 1607 261 1668 poenitentiae
271 1607 363 1668 pudore,
378 1613 426 1652 tum
435 1604 490 1652 facis
501 1606 528 1652 ab
540 1604 633 1652 Oriente
641 1607 670 1652 ad
681 1604 729 1652 Oc*

60 1672 174 1719 sidentem
196 1671 439 1720 transcurrentisvisu
455 1671 483 1718 ad
499 1671 643 1733 pertinaciam
661 1670 732 1717 obfir-

59 1737 131 1792 mati;
155 1739 270 1797 navesque
291 1737 358 1798 plano
380 1743 403 1782 et
426 1736 487 1782 nudo
502 1736 568 1783 litore
584 1733 732 1784 constituite:

59 1800 124 1849 Nam
135 1800 247 1857 Britanni,
259 1802 391 1848 adversante
399 1808 474 1855 vento,
487 1801 541 1847 nibil
553 1802 593 1848 sibi
604 1803 729 1848 timendum

25 1870 28 1874 ’
59 1866 112 1922 rati,
130 1868 193 1914 etin
210 1881 250 1914 sua
265 1868 419 1927 remigrantes,
436 1865 589 1916 defensionem
600 1867 735 1913 omiserantr

61 1929 109 1978 Ubi
126 1937 201 1977 autem
218 1929 308 1978 audiere
324 1931 441 1978 Romanos
457 1931 573 1992 appulisse,
597 1938 675 1984 terror,
696 1931 734 1977 uti·

59 1996 151 2050 assolet,
163 1996 268 2042 barbaros
279 1997 383 2043 attonuit
417 1994 468 2041 Nec
480 1996 557 2050 redire,
570 2010 612 2042 nec
622 1990 747 2057 congredi?

59 2061 117 2113 ausi,
134 2061 198 2106 sein
214 2061 307 2122 paludes
318 2076 344 2107 ac
354 2061 422 2108 silvas
433 2057 542 2114 abdidere,
560 2068 591 2114 ut,
609 2061 666 2106 sicut
677 2061 731 2106 olim
752 2079 755 2084 ¹

59 2123 190 2174 D.Ju1ium
200 2124 265 2173 mori
274 2125 430 2188 fatigaverant,
443 2126 474 2172 ita
486 2125 599 2172 Plautium
611 2126 658 2170 otio
667 2121 735 2171 fron-⁹

78 2198 149 2237 erent.

59 2206 77 2304 ξ
96 2254 141 2316 [At
156 2254 200 2309 ille,
217 2256 278 2302 baud
288 2257 377 2304 nescius
389 2257 520 2303 lentitudine
531 2272 585 2303 suos
596 2255 735 2312 defecturos>

58 2321 138 2366 bostes
153 2319 268 2377 ualituros,
292 2324 369 2368 statim
385 2322 467 2368 bellum
484 2322 591 2383 aggredi:
617 2322 731 2367 latitantes

59 2383 186 2432 Britannos
201 2387 293 2432 venari:
320 2388 423 2433 omnibus
439 2387 542 2448 vestigiis
558 2386 665 2448 indagare
673 2400 684 2441 ;·
704 2399 731 2430 ac

58 2449 151 2495 tandem
165 2449 268 2497 divulsos
284 2450 404 2508 offendere,
421 2452 459 2512 qui
470 2453 517 2505 vix,
534 2451 619 2505 sociati,
635 2449 732 2496 fuissent

58 2514 119 2566 bello
132 2529 206 2576 parea
237 2513 340 2564 Devicto
355 2515 490 2570 Cmaetaco,
503 2529 565 2560 mox
577 2528 641 2559 caeso
649 2512 746 2566 'teges

54 2578 149 2634 damno,
175 2577 318 2631 Cunobelini
333 2599 415 2648 nuper.
425 2581 520 2631 mortui
533 2578 602 2630 latine,
619 2568 774 2638 boabo&-

47 2651 95 2692 ’ἕω
107 2644 239 2721 ‘luaelffitei
251 2666 362 2718 parsque
371 2641 609 2705 uocauerimus
615 2627 801 2696 QWQQ*
