1680 2910
84 135 132 181 288
243 130 245 134 '
266 120 563 173 SUPPLEMENTUM
607 158 612 167 .
644 123 753 175 mom.

83 257 130 312 des,
141 254 255 317 legatique
265 256 305 317 qui
316 269 411 303 coronas
421 268 501 304 aureas
509 254 639 313 attulermt,
651 258 752 307 nonnulli

83 322 152 370 etiam
163 321 252 370 exsules
263 321 292 368 ob
302 320 414 383 publicam
428 320 532 368 letitiam
548 321 656 378 revocati.
674 324 753 371 trium·

82 387 189 449 pharatem
202 387 301 433 maximo
317 392 425 447 apparatu
439 382 557 447 excqrire.
590 384 681 435 Praeter
695 388 752 437 cele·

81 450 170 498 britatia
180 451 251 505 solita,
261 465 350 497 currum
362 456 469 512 carpento
479 457 558 498 secuta
565 457 601 499 eet
612 450 750 502 Messalina:

81 518 154 565 secuti
171 524 195 562 et
211 515 353 578 triumphalia
363 521 494 562 ornamenta
504 530 533 562 eo
543 515 604 564 bello
614 517 699 581 adepti,
714 518 753 567 aed

82 582 159 629 caeteri
175 581 267 643 pedibus
284 587 308 627 et
318 579 341 625 in
352 576 477 642 praetexti3
495 576 594 628 Crassus
606 579 681 645 Frugi
695 598 752 645 equo

81 647 202 710 phalerato,
220 654 243 693 et
259 647 283 692 in
299 652 363 691 reste
378 641 482 707 palmati,
498 646 560 705 quod
573 661 627 693 eum
644 647 753 695 honorem

81 713 209 759 iteraverat
221 709 281 758 Cum
291 711 319 756 ad
327 709 398 757 aedem
405 709 471 758 Jovir
481 707 752 773 Capitoliniperventum,

81 778 155 824 victor
169 772 279 838 princeps,
300 774 333 821 D.
339 772 426 822 Julium
436 775 544 830 imitatus,
559 776 647 838 gradus
658 778 754 840 genilius

82 843 206 898 adscendit,
218 841 304 887 duobus
311 841 358 886 suia
363 839 454 901 generis
462 841 752 904 innitena,laureumquein

83 907 171 971 gremio
182 906 281 953 numinis
288 905 398 967 deposuit.
434 949 438 955 ,

115 972 166 1034 [Αά
181 971 288 1032 triumphi
302 984 407 1032 pompam
423 967 538 1017 accessere
548 969 657 1019 ludorum
668 972 752 1029 hilaria,

82 1052 139 1098 quos
158 1037 268 1099 princeps,
288 1033 381 1097 accepti
398 1035 426 1081 ob
437 1050 486 1081 oum
498 1050 545 1081 rem
557 1037 660 1084 consulis
676 1045 753 1100 potee-

82 1109 135 1156 tate,
154 1101 240 1149 duobus
255 1101 321 1147 simul
337 1101 437 1154 theatris,
449 1107 474 1146 ut
484 1101 568 1162 populo
579 1101 753 1163 gratificaretur,

82 1167 209 1214 celebrarit.
241 1164 288 1212 Tot
303 1165 394 1226 quidem
416 1180 526 1225 equorum
549 1167 682 1222 certamina,
696 1174 753 1230 quot

81 1248 122 1295 per
137 1231 195 1278 diem
214 1230 280 1277 edere
296 1231 380 1284 liceret,
397 1230 544 1291 promiserat:
563 1246 645 1278 verum
663 1241 754 1296 propter

82 1312 186 1344 ursorum
198 1297 278 1349 oaedes,
290 1295 424 1341 athletarum
434 1310 529 1357 pugnas,
540 1297 659 1358 pyrrhicas
669 1312 753 1360 patern-

81 1377 132 1409 rnm
151 1377 180 1408 ex
199 1359 255 1407 Asit
274 1367 418 1406 evocatorum
441 1361 576 1415 saltationes,
599 1362 661 1409 haud
680 1364 751 1425 phara,

81 1442 148 1489 quarn
167 1427 244 1473 decem
256 1426 353 1472 actitata.
386 1425 512 1486 spectaculi
529 1427 619 1472 raritate
630 1440 658 1474 ac
675 1429 752 1490 digni·

81 1500 128 1541 tate
144 1491 249 1553 praestitit
260 1490 397 1552 expugnatio
408 1491 548 1552 direptioque
559 1491 642 1552 oppidi,
654 1493 684 1539 ad
694 1494 752 1540 ime·

99 1558 158 1604 'nem
169 1557 271 1602 bellicam
287 1564 309 1600 et
328 1555 463 1602 deditionem
483 1554 609 1603 Britanniae
629 1572 712 1619 regum
727 1558 752 1604 in

112 1623 168 1669 artic
177 1620 264 1682 Campo
271 1621 336 1674 edita,
348 1621 384 1666 cui
395 1621 497 1680 princeps
507 1622 614 1681 praesedit
623 1622 753 1682 paludatus.

81 1687 147 1734 Alios
166 1687 256 1747 insuper
271 1686 343 1740 ludos,
359 1685 450 1732 senatuis
466 1685 582 1746 permissu,
599 1683 676 1734 secere
687 1688 751 1735 thea-

81 1752 170 1799 tralium
183 1766 299 1812 operarum
310 1751 385 1796 duces.
757 1778 760 1783 -

114 1815 187 1878 [Hauc
195 1817 284 1876 quidem
296 1816 382 1868 decora,
395 1823 417 1860 et
426 1816 494 1876 digna
500 1815 606 1877 principe,
618 1816 642 1861 ni
654 1815 752 1863 luissent

80 1883 209 1928 libertorum
230 1881 350 1926 honoribus
368 1880 458 1926 foedata.
491 1880 524 1926 At
536 1879 621 1934 Posidi,
636 1882 750 1937 eunucho,

80 1949 140 1994 inter
150 1946 278 1992 militarium
294 1944 429 1991 fortissimos
440 1960 501 1992 arma
515 1945 620 2005 insignia,
632 1953 751 2007 tamquam

80 2012 181 2075 participi
194 2011 301 2061 victoriae,
313 2010 372 2056 dono
382 2010 447 2056 data:
460 2011 592 2070 permissum
603 2009 750 2073 Harpocran,

80 2085 105 2124 ut
117 2076 195 2123 lecticai
207 2091 247 2137 per
259 2077 334 2121 urbem
345 2076 469 2128 veheretur,
486 2082 509 2120 et
524 2075 651 2136 spectacula
661 2076 752 2138 publice

80 2144 163 2189 ederet.
196 2143 274 2187 Ausus
285 2149 307 2186 et
321 2140 436 2200 Polybius,
446 2140 504 2186 inter
515 2140 571 2186 duos
582 2141 690 2188 consuler
700 2156 750 2187 am·

78 2208 162 2253 balare.
180 2205 302 2252 Narcissus
313 2207 434 2264 caeterique
445 2205 516 2251 liberti
528 2220 568 2265 per
578 2208 666 2267 majora
676 2207 750 2253 adhuc

79 2272 164 2317 fauoris
181 2271 275 2316 ludibria
290 2271 312 2316 in
328 2270 440 2316 fortunam
452 2281 474 2316 et
485 2271 633 2331 principatum
652 2271 749 2318 insulta·

79 2338 140 2382 bant.
174 2335 238 2381 Dum
250 2337 352 2396 princeps
364 2351 390 2381 ea
401 2335 437 2380 vel
448 2335 516 2380 ferret
527 2335 656 2395 patientius,
671 2336 709 2382 vel
720 2336 749 2383 li-

80 2402 167 2447 centius
183 2401 327 2461 permitteret.
347 2399 422 2446 Rufus
441 2399 521 2454 Pollio,
538 2401 696 2460 praetoriarum
708 2416 749 2448 co·

79 2467 176 2512 hortium
197 2465 323 2526 praefectus,
340 2466 460 2525 imaginem
473 2480 498 2510 ac
511 2465 585 2510 sedern
605 2466 664 2512 inter
682 2480 748 2513 sena·

79 2540 146 2584 tores,
165 2531 252 2592 quoties
264 2528 383 2577 Claudium
399 2531 422 2575 in
438 2531 521 2575 curiam
537 2531 691 2585 comitaretur,
706 2532 747 2578 ob-
773 2546 777 2551 ·

75 2599 151 2647 uruit
184 2597 220 2647 Et
240 2612 269 2645 ne
283 2596 309 2643 id
324 2610 413 2643 norum
426 2595 748 2652 athernmrtneapaaem-

64 2668 134 2734 plum
152 2667 268 2735 Augusti,
288 2663 332 2730 qui
345 2658 537 2712 eahsmuaueho
549 2653 640 2714 Uilli*
650 2654 770 2705 hiim&
