1680 2910
56 149 157 190 J.c.1o.
211 145 403 194 ANNALIUM
420 146 473 193 Ln.
483 145 503 193 1.
520 145 579 196 cur.
587 149 626 194 ru
691 151 725 194 89

53 273 98 321 aed
109 272 192 323 semiue
202 276 360 338 isgeusrnimi
370 277 448 323 munia
454 276 517 323 ducis
527 291 567 338 per
577 290 617 324 eos
628 275 677 324 dies
687 277 722 323 in-

57 339 121 396 duit;
139 339 296 402 militibusque,
307 348 334 387 ut
344 340 394 402 quis
403 342 469 402 inops
479 347 518 388 sut
529 342 624 395 saueius,
635 347 723 388 vestem

57 411 82 450 et
101 404 204 453 fomenta
220 405 324 469 dilargita
341 412 384 452 est.
416 403 496 452 Tradit
514 403 543 453 C.
550 404 643 460 Plinius,
662 405 722 452 Ger·

57 469 200 516 manieorum
216 469 326 517 bellmum
341 471 442 533 scriptor,
461 469 550 517 stetisse
565 470 623 532 apud
638 470 722 532 princi·

57 533 122 644 p'enm
133 534 215 596 pontis
226 534 303 582 laudes
319 540 343 582 et
356 541 432 596 grates
442 535 537 582 reversis
547 533 673 596 legionibus
681 535 723 581 ba-

88 608 158 644 utem.
190 596 217 645 Id
228 597 312 647 ‘liberii
322 599 422 646 inimum
440 598 507 646 altius
516 600 656 660 penetravit:
675 613 723 646 non

59 663 122 708 enim
130 662 243 724 simplices
254 677 293 710 cna
303 677 374 718 ouras,
382 678 424 710 nec
434 664 541 711 adversus
548 669 655 710 externos
661 663 720 709 mili·

59 733 108 772 tem
119 728 205 788 queri:
224 727 280 774 nibil
291 729 393 775 relictrrm
404 728 579 790 imperatoribus,
591 729 628 774 ubi
638 726 724 775 femina

58 791 188 853 manipulos
197 792 320 847 interviret,
331 793 397 854 signa
404 793 474 848 adeat,
482 793 625 855 largitionem
635 799 724 848 tentet;

59 861 175 916 tamquam
186 871 264 918 perum
273 857 389 904 ambitioae
395 856 466 904 filium
477 858 540 905 ducis
549 857 636 919 gregali
646 857 724 904 babitu

58 920 210 974 circmcierat,
230 918 390 982 Caesaremque
406 919 534 983 Caligulam
544 922 649 984 appellari
660 921 722 969 velit.

59 982 177 1032 Potionem
190 987 240 1048 jam
250 985 309 1047 apud
319 986 431 1033 exercitur
442 987 598 1048 Agrippinam,
610 1001 677 1047 quam
688 985 722 1032 le·

55 1056 133 1112 gatos,
151 1063 220 1110 quam
238 1050 317 1097 doces:
336 1065 485 1112 compressam
496 1066 510 1098 a
520 1051 613 1097 muliere
630 1051 722 1098 seditio-

59 1128 122 1168 nem,
139 1113 176 1159 cai
194 1128 277 1160 nomen
299 1113 410 1177 Principia
427 1115 536 1162 obsistere
554 1129 599 1174 nou
618 1115 722 1176 quiverit.

58 1175 204 1227 Accendebst
214 1179 264 1225 bec
274 1181 423 1240 onerabatque
432 1179 533 1242 Sejanue,
544 1177 623 1241 peritii
634 1194 722 1226 morum

56 1241 151 1297 liberii,
162 1243 213 1289 odia
223 1244 247 1289 in
255 1243 349 1306 longum
355 1245 449 1306 jaciens,
460 1260 511 1306 quae
521 1243 658 1299 reconderet,
669 1258 722 1291 auc·

59 1313 129 1369 taque
138 1315 258 1370 promeret.

92 1369 176 1418 LXX.
200 1371 234 1417 At
253 1371 402 1418 Germanicus
418 1372 540 1434 legionum,
559 1387 615 1432 quaa
631 1371 726 1420 navibus

59 1442 161 1489 vexerat,
181 1437 301 1482 secundam
312 1443 335 1483 et
345 1443 446 1497 quartam
457 1437 572 1492 decimam,
586 1437 667 1485 itinere
677 1443 724 1484 ter·

60 1502 127 1547 nestri
143 1499 172 1547 P.
179 1499 273 1547 Vitellio
284 1501 396 1547 ducendas
411 1500 483 1555 tradit,
499 1516 543 1561 quo
559 1501 631 1548 levior
647 1501 724 1549 classis

59 1565 147 1613 vadoso
158 1566 214 1611 mari
224 1565 317 1618 innaret.
328 1565 365 1611 vel
373 1565 487 1626 reciproco
497 1567 585 1613 sideret.
618 1566 725 1613 Vitellius

61 1631 160 1692 primurn
179 1629 222 1676 iter
240 1627 299 1676 sicci
309 1631 378 1675 burno
389 1637 428 1675 eut
438 1630 525 1676 modice
541 1631 650 1677 allabente
667 1638 724 1678 aestu

60 1695 162 1756 quietum
173 1693 262 1741 habuit:
281 1708 336 1740 mox
345 1694 443 1756 impulsu
453 1695 569 1755 aquilonis,
580 1696 647 1742 simul
655 1696 727 1742 sidere

61 1759 200 1819 aequinoctii,
216 1773 262 1819 quo
273 1760 370 1804 maxime
380 1760 485 1805 tumescit
495 1759 606 1814 Oceanus,
618 1762 664 1822 rapi
676 1761 725 1822 agi-

63 1839 109 1884 que
119 1836 216 1884 agmen:
235 1830 259 1869 et
270 1823 416 1885 opplebantur
425 1831 504 1870 terrae:
524 1825 601 1872 eadem
616 1823 682 1879 freto,
695 1825 723 1870 li·

61 1888 114 1943 tori,
125 1888 211 1949 campis
224 1887 306 1934 facim:
326 1903 398 1949 neque
411 1887 506 1935 discerni
521 1896 625 1951 poterant
641 1890 727 1936 ineerta

63 1953 92 2000 ab
103 1952 188 2008 solidis,
198 1952 274 1999 brevia
289 1951 435 2015 aproiundis.
466 1953 602 2000 Stemuutur
613 1952 727 2008 ductibus,

63 2017 197 2064 banrlsntur
204 2018 331 2079 gurgitibus
337 2019 446 2080 jumenta,
457 2019 563 2064 aurcinae:
583 2032 676 2080 corpora
684 2031 725 2063 ex-

61 2083 140 2129 anima
149 2081 289 2136 interfluunt,
305 2093 437 2128 occursant:
456 2084 618 2144 permiscentur
631 2084 728 2129 interae

62 2145 180 2208 manipuli,
197 2147 265 2193 modo
278 2154 376 2208 pectore,
393 2148 460 2193 modo
474 2162 513 2193 ore
526 2153 592 2193 tenua
602 2153 725 2202 exstantes,

63 2210 185 2272 aliquando
201 2211 315 2258 subtracto
331 2211 380 2258 solo
396 2211 488 2274 disjecti,
505 2217 544 2258 aut
558 2213 638 2258 obruti.
671 2210 727 2258 Nou

63 2289 111 2322 vox
127 2283 152 2322 et
170 2276 242 2322 mutui
258 2277 362 2322 hortatus
374 2277 489 2338 juvabant,
501 2276 632 2323 adversante
648 2275 724 2323 undb:

62 2338 121 2386 nihil
127 2349 233 2386 strenuus
243 2340 271 2386 ab
281 2341 371 2402 ignavo,
382 2341 470 2402 sapiens
481 2340 508 2386 ab
519 2341 659 2402 imprudenti,
671 2356 728 2387 con·

63 2404 114 2451 eilia
125 2419 139 2451 a
151 2419 205 2451 casu
220 2403 323 2452 differre:
347 2413 428 2451 cuncta
445 2405 493 2467 pari
506 2405 612 2452 violentid
626 2406 728 2452 involve·

63 2469 154 2515 bantur.
185 2467 289 2516 Tandem
303 2469 411 2518 Vitellius
420 2470 445 2516 iu
455 2469 553 2518 editiora
560 2471 648 2525 en'rsxrs,
657 2470 745 2517 codem

62 2547 145 2593 agmen
154 2533 267 2582 subduxit.
292 2533 469 2588 pernoctavere
480 2539 532 2588 mne
541 2537 696 2589 utenrirlibus,
706 2533 762 2577 sime

50 2608 106 2653 ’μ’
121 2609 206 2658 ΜΨ
218 2613 274 2660 Pm
289 2605 357 2653 nudo
371 2614 419 2655 aut
437 2608 550 2657 mulcato
565 2616 691 2670 eorpore3
702 2592 780 2642 limis

39 2668 119 2704 ΜΠ,
131 2661 285 2726 Μὼΰθθν
311 2687 389 2735 quam
412 2693 480 2742 quoa
500 2675 590 2726 bostis
607 2658 793 2722 circumdici·-
