1680 2910
106 148 138 194 ss
187 136 379 189 strumum
397 134 620 186 uumerus.
652 108 781 188 uenas

145 270 225 319 XLV,
242 267 317 332 Igitur
327 282 373 314 uon
384 267 452 313 modo
460 265 569 316 Cherusci
581 267 680 329 sociique
687 284 773 325 eorum,

111 344 179 387 vetus
193 334 291 382 Arminii
306 333 378 385 miles,
392 330 492 379 sumsere
505 332 602 390 bellum3
619 333 659 379 sod
673 349 687 379 e
702 349 776 396 regno

111 404 181 450 etism
192 397 327 447 Marobodui
339 397 420 444 Suevre
434 405 521 458 gentes,
537 397 663 445 Semnones
673 413 699 445 ae
711 397 775 446 Ian·

113 465 214 530 gobardi,
231 460 332 510 ddoeere
341 462 442 508 adeum:
462 462 542 522 quibus
555 462 642 516 additis,
657 464 776 524 praepolle·

114 535 159 584 brt,
177 531 200 576 ni
215 527 375 590 Inguiomerus
388 541 440 572 cum
451 542 519 573 manu
529 526 644 573 clientium
655 528 684 574 ad
696 527 777 575 Maro·

114 596 213 644 boduum
228 591 378 655 perfugisset;
398 605 444 637 non
463 592 529 638 ulium
547 593 577 638 ob
592 606 691 649 musam,
711 608 778 653 quam

115 661 169 721 quia
178 658 253 705 fratris
265 655 309 702 tilio
316 656 395 718 juveni
405 663 497 716 patruus
504 671 575 703 senex
584 671 661 717 parere
669 656 778 719 dedigna-

116 727 189 772 batur.
222 721 361 782 Diriguntur
371 721 437 774 acies,
448 722 494 782 pari
506 721 617 780 utrimque
628 737 674 783 spe,
691 737 741 778 uec,
753 730 780 770 ut

117 789 173 837 olim
183 786 242 850 opud
254 786 387 839 Germanos,
404 786 469 847 vugis
479 786 610 841 incursibus,
621 792 667 833 'aut
676 787 780 849 disjectus

117 870 159 918 per
177 860 293 900 catervas:
312 851 400 911 quippe,
417 847 487 911 longi
502 850 621 897 adversum
636 865 678 898 nos
695 851 781 907 militid,

119 919 264 966 insueverant
275 915 338 975 sequi
345 915 417 976 signa,
428 915 532 961 subsidiis
541 914 631 970 limari,
642 915 780 979 dietaimpe·

121 991 219 1033 natorum
231 980 338 1042 recipere.
369 978 403 1025 At
416 986 470 1025 tune
486 979 610 1033 Arminius,
625 995 683 1040 equo
697 982 781 1028 sollus:

121 1057 185 1093 trans
195 1051 282 1099 cuncta,
291 1051 317 1091 ut
327 1058 427 1103 quosque
437 1044 543 1090 advectus
553 1051 609 1101 erat,
616 1043 781 1106 Recuperatum

121 1113 254 1164 libertatem,
272 1108 392 1154 trucidatus
406 1107 513 1169 legiones,
529 1108 600 1169 spoliu
614 1108 686 1154 adbuc
701 1119 726 1156 et
740 1110 784 1157 tela

123 1176 235 1223 Romanis
249 1173 339 1234 derepta
352 1172 376 1217 in
386 1173 488 1218 munibus
498 1172 628 1226 multomm,
644 1176 781 1222 ostentabut:

124 1248 204 1287 eorrtra
217 1238 321 1300 sugucem
336 1235 502 1282 Maroboduum
519 1237 639 1298 appellans,
654 1238 784 1299 proeliorum

124 1312 247 1366 expertem,
263 1300 389 1360 Hercyniae
398 1300 487 1347 latebris
498 1301 620 1356 defensum,
638 1317 664 1348 ne
680 1316 735 1350 mox
745 1302 785 1366 pei·

125 1371 185 1416 dona
199 1375 222 1414 et
240 1366 364 1427 legationes
376 1365 483 1425 petivisse
492 1364 581 1423 foedur3
597 1366 734 1427 proditorem
744 1383 785 1429 pa·

125 1435 183 1486 trim,
200 1430 317 1479 satellitem
329 1427 433 1484 Caesaris,
450 1430 508 1477 haud
518 1430 594 1476 minus
603 1431 696 1478 infensis
706 1432 787 1479 mimir

127 1495 296 1549 exturbandum,
307 1508 374 1554 quam
385 1492 471 1540 Vnrum
481 1493 617 1548 Quintilium
628 1496 788 1544 interfecerint.

127 1561 289 1608 Meminissent
303 1559 371 1604 modo
382 1565 416 1604 tot
424 1559 572 1620 proeiiorum3
591 1575 686 1619 quorum
697 1569 788 1617 eventu,

127 1633 152 1673 et
168 1625 196 1672 ad
211 1632 347 1686 porticorum
362 1623 439 1684 eJectis
453 1622 570 1679 Romanis,
590 1625 645 1672 satir
661 1626 788 1688 probatum,

127 1687 630 1815 Willililoiliiiissldbiiibiideiiijacmntii
637 1755 678 1808 sui,
689 1762 729 1802 aut
736 1771 789 1818 pro·

128 1819 209 1867 briain
220 1817 307 1864 bostem
318 1817 455 1863 abstinebat:
474 1818 514 1864 sed
522 1816 692 1879 Inguiomerum
704 1827 790 1876 tenens,

131 1882 176 1931 Illo
186 1884 211 1929 in
222 1896 315 1942 corpore
323 1881 391 1928 decus
401 1897 468 1928 omne
480 1881 653 1937 Cheruscorum,
664 1883 724 1931 illius
735 1900 789 1932 eon-

130 1948 187 1996 siliis
197 1956 268 2010 gesta,
276 1961 328 2007 quse
336 1960 443 2007 prospere
452 1947 579 2001 ceciderint,
595 1948 731 1996 testabatur:
752 1966 792 1997 ve·

131 2012 223 2060 sordem
235 2011 370 2065 Arminium,
385 2019 409 2056 et
424 2026 499 2057 rerum
512 2012 619 2067 nescium,
636 2012 730 2059 alienam
741 2014 792 2076 glo·

132 2079 190 2126 riam
201 2078 225 2123 in
236 2091 261 2122 re
272 2075 366 2130 trabere,
383 2076 488 2135 quonium
499 2083 545 2123 tres
556 2091 638 2126 vacuas
647 2076 757 2139 legiones,
771 2086 795 2127 et

134 2143 214 2190 ducem
231 2140 315 2186 fraudis
332 2140 441 2201 ignarum,
463 2138 555 2202 perfidid
571 2141 689 2202 deceperit,
710 2143 795 2205 magni

135 2221 187 2255 eum
199 2205 262 2252 clade
278 2205 408 2280 liermaniae
424 2211 447 2249 et
460 2204 586 2266 ignominii
602 2205 659 2264 sui3
676 2222 727 2254 cunr
739 2223 795 2255 eon·

131 2267 503 2395 militumi&
510 2271 797 2397 titilianum

138 2401 304 2448 Germanorum
322 2397 417 2460 gloriam
431 2400 570 2447 servavisse:
591 2415 646 2447 mox
663 2401 798 2448 conditioni·

136 2466 180 2512 bus
190 2464 260 2524 oequia
271 2463 404 2509 discessums
423 2479 496 2525 neque
503 2465 620 2526 poenitere,
631 2465 798 2527 quodipaorum

136 2531 161 2577 in
176 2543 244 2575 manu
260 2528 296 2583 sil,
311 2528 424 2589 integrum
440 2529 558 2576 adversum
577 2529 694 2577 Romanos
709 2530 799 2585 bellum,

129 2609 161 2642 an
168 2610 251 2658 pacem
262 2594 405 2642 incruentam
414 2594 504 2653 malunt.
524 2593 574 2642 llis
581 2595 804 2642 vodmusinadnetna

49 2680 82 2728 ι
120 2662 241 2712 exercitus
249 2662 353 2729 propriae
366 2677 463 2727 quoque
474 2676 553 2710 cauam
562 2658 722 2707 stimulabmtz
739 2671 794 2703 uam
802 2671 821 2701 u
