1680 2910
84 142 115 190 70
162 136 354 188 ANNALlUM
365 132 578 187 LmII.Car.51.
628 141 744 189 u.c.rro.

82 271 143 324 vilio,
154 284 221 330 quem
232 269 348 331 prioribus,
359 284 432 330 neque
447 269 562 331 suspectis,
581 268 662 316 tubulis
673 271 743 333 scrip·

82 341 131 382 tum
143 341 296 396 compererat3
313 335 450 381 nobilitatem
467 335 580 394 utriusque
596 333 691 395 pecuuid
703 336 743 398 ju·

81 399 186 453 vandum,
200 400 314 462 proefruus.
346 398 427 460 Neque
444 399 595 446 haereditatem
612 400 742 461 cujusquam

83 464 146 520 adiit,
166 465 207 510 nisi
227 479 277 510 cum
296 463 393 510 amicitia
407 464 540 510 meruisset:
559 463 650 524 ignotos
660 471 683 510 et
695 465 744 511 aliis

78 528 190 583 infensos,
201 544 272 590 eoque
283 529 403 591 principem
416 535 575 590 nuncupantes,
590 529 668 589 procul
679 543 742 575 aree·

83 595 128 640 bat.
162 591 283 648 Caeterum,
298 599 326 640 ut
336 595 451 640 honestam
462 593 614 639 innocentium
625 600 742 655 pauperta-

83 665 131 704 tem
142 658 232 713 levavit,
250 659 281 704 ita
297 659 402 720 prodigos
413 665 437 704 et
446 659 474 704 ob
485 656 570 719 flagitia
580 664 681 719 egentes,
699 656 742 704 Vi-

83 723 166 768 bidium
179 719 311 784 Varronem,
330 722 428 768 Marium
442 722 561 784 Nepotem,
580 721 679 783 Appium
692 722 742 784 Ap·

84 788 181 849 pianum,
200 785 331 835 Cornelium
344 786 435 839 Sullam,
454 786 486 840 Q.
496 785 614 833 Vitellium
625 787 697 834 morit
708 802 743 833 se·

84 858 146 905 natu,
158 859 196 898 aut
207 859 287 913 sponte
297 852 374 898 cedere
384 866 462 913 passus
472 859 513 897 est

118 914 212 962 XLIX.
229 915 312 962 Iisdem
324 917 459 978 temporibus
467 914 544 961 Dedm
553 913 619 968 sedes,
630 921 744 962 vetustate

84 988 124 1026 aut
134 982 182 1041 igni
201 981 299 1035 abolitus,
317 988 445 1042 coeptaaque
464 982 491 1026 ab
508 981 614 1041 Augusto
625 979 742 1035 dedicavit,

85 1043 168 1091 Libero
180 1043 312 1106 Liberaeque
322 1052 344 1091 et
355 1043 431 1092 Cereri
438 1047 504 1108 juxta
515 1045 599 1090 circum
609 1044 741 1101 maximum,

84 1124 151 1170 quarn
163 1108 194 1155 A.
204 1108 334 1156 Postumius
350 1109 444 1155 dictator
454 1116 560 1155 voverat:
580 1108 703 1169 eodemque
719 1110 742 1155 in

84 1174 136 1220 loco
159 1175 229 1220 aedern
249 1173 329 1225 Florae,
350 1175 378 1219 ab
397 1171 469 1219 Lucio
488 1180 511 1219 et
529 1171 612 1219 Marco
629 1170 744 1228 Publiciis,

84 1239 191 1292 edilibus,
203 1239 361 1285 constitutam:
380 1237 473 1286 ethano
483 1238 597 1298 templum,
609 1237 669 1298 quod
685 1237 743 1298 apud

82 1303 158 1350 iorum
177 1303 288 1350 olitorium
306 1300 335 1349 C·
345 1300 446 1348 Duillius
465 1309 581 1355 struxerat,
601 1303 638 1361 qui
657 1302 743 1363 primus

83 1382 132 1414 reru
144 1367 270 1413 Romanam
287 1381 392 1428 prospere
402 1367 457 1412 meri
468 1367 544 1428 gessit,
563 1367 745 1427 triumphumque

84 1433 189 1478 navalem
198 1431 227 1477 de
238 1430 317 1479 Poenis
327 1432 416 1477 meruit.
447 1431 500 1492 Spei
511 1431 570 1477 aedes
581 1447 595 1477 a
606 1431 744 1478 Genuanicb

84 1503 199 1542 sacraturo
218 1497 276 1542 banc
286 1495 371 1542 Atilius
380 1502 473 1542 voverat
483 1497 560 1542 eodem
571 1495 636 1541 bello.

118 1559 146 1607 L.
162 1560 311 1607 Adolescebat
326 1562 411 1606 interea
428 1560 465 1605 lex
482 1561 617 1622 majestatis:
637 1565 661 1606 et
678 1560 744 1623 Apu·

83 1624 149 1670 leiam
162 1624 277 1678 Variliam,
296 1626 377 1671 sororis
397 1625 496 1686 Augusti
513 1632 609 1685 neptem,
627 1625 743 1686 quiapro-

83 1689 155 1735 brnsis
166 1690 304 1736 sermonibus
315 1689 347 1736 D.
358 1690 486 1750 Augustum
498 1704 524 1735 ac
534 1687 649 1736 Tiberium
657 1697 681 1735 et
692 1703 742 1736 ma·-

84 1760 141 1799 trem
153 1754 201 1814 ejus
210 1755 321 1809 illusisset,
338 1753 467 1814 Caesarique
477 1767 579 1804 connexa
589 1754 698 1800 adulterio
709 1761 743 1800 te-

85 1825 182 1871 neretur,
194 1820 315 1880 majestatis
327 1819 411 1865 delator
422 1819 552 1865 arcessebat.
585 1817 625 1864 De
635 1818 744 1866 adulterio

87 1883 142 1929 satis
153 1884 226 1929 caveri
238 1884 288 1944 lege
298 1882 314 1930 J
316 1881 364 1936 ulii,
381 1885 465 1930 visum:
480 1884 602 1946 majestatis
613 1884 699 1929 crimen
710 1883 744 1929 di·

85 1948 177 2009 stingui,
197 1946 276 1996 Caesar
293 1949 427 2008 postulavit;
451 1948 602 2008 damnarique,
625 1948 644 1994 si
655 1963 700 2008 qua
717 1947 746 1995 de

85 2011 192 2074 Augusto
211 2013 335 2074 irreligiose
353 2012 457 2058 dixisset:
478 2013 501 2056 iu
519 2027 542 2058 se
556 2013 617 2073 jacta
636 2013 698 2059 nolle
716 2011 745 2058 ad

85 2078 236 2137 cognitionem
254 2077 336 2123 vocari.
370 2075 525 2138 Interrogatus
543 2092 556 2122 a
575 2077 673 2131 consule,
690 2076 745 2138 quid

84 2141 113 2186 de
124 2142 158 2187 bis
169 2149 277 2193 censeret,
297 2155 347 2201 quse
364 2142 391 2187 de
406 2149 477 2186 matre
488 2143 535 2202 ejus
546 2141 620 2187 locuta
632 2156 696 2187 secus
708 2156 744 2187 ar·
753 2160 770 2186 .·

83 2213 197 2264 gustetur,
210 2207 312 2251 reticuit:
333 2206 389 2255 dein,
406 2207 509 2267 proximo
524 2206 615 2252 senatus
625 2206 667 2260 die,
685 2206 745 2251 illius

84 2283 173 2328 quoque
184 2271 276 2314 nomine
286 2271 364 2324 oravit,
380 2270 454 2316 necui
469 2272 542 2324 verba,
554 2271 577 2316 in
588 2285 637 2316 earn
654 2285 745 2331 quoquo

83 2334 152 2378 modo
163 2334 243 2386 habita,
262 2335 346 2379 crimini
362 2334 450 2380 forentt'
468 2335 612 2395 liberavitque
624 2335 744 2397 Apuleium

83 2396 136 2458 lege
145 2399 279 2458 maJestatis:
300 2399 399 2444 adulterii
413 2399 539 2460 grauiorem
557 2414 647 2461 poenam
665 2401 745 2460 depre-

83 2469 153 2515 catus,
166 2472 196 2517 ut,
206 2463 307 2524 exemplo
318 2465 433 2524 majorum,
441 2465 569 2525 propinquis
578 2465 623 2510 suis
634 2465 692 2511 ultra
703 2465 745 2509 du·

84 2528 229 2572 centesimum
241 2528 335 2590 lapidem
348 2538 504 2580 removeretur,
517 2529 593 2573 suasit.
625 2529 745 2584 Adultera,

69 2612 72 2617 ·
140 2593 169 2647 io,
182 2591 252 2641 Italia
263 2607 333 2659 atque
344 2593 426 2642 Africi
436 2594 584 2641 interdictum
593 2599 638 2636 cst.

129 2687 139 2706 ·
154 2657 199 2708 De
212 2670 327 2727 pretore,
345 2664 372 2712 in
388 2663 471 2712 locum
488 2657 599 2721 Vipsanis
609 2653 684 2705 Gabi,
697 2663 769 2708 quem
