1680 2910
87 310 109 349 J.
117 309 141 350 c.
150 311 183 349 so⁴
248 307 300 355 Lm
310 305 382 355 VIIL
394 305 595 355 ANNALIUM.
707 311 754 356 247

83 444 170 483 turrem
180 439 294 493 excitavit,
308 436 360 500 qub,
374 444 400 485 ut
411 453 441 487 ex
451 437 533 494 Pharo,
550 438 653 487 noctibus
667 437 697 485 ad
712 452 749 485 re·

82 503 171 563 gendos
186 505 277 551 navium
292 519 377 559 cursus,
388 505 454 566 ignes
464 505 594 550 emicarent:
616 501 690 550 velati
703 518 748 565 pu·

82 567 147 614 blisae
159 568 261 615 utilitatis
272 569 365 616 obtentu
375 569 480 616 vanitate
740 601 743 609 ·

115 629 240 694 [Marsum
257 634 368 696 opprobrii
383 634 522 680 monimenta
537 633 622 680 exstrui
639 632 744 679 dolebant

81 694 190 752 Romani,
202 698 301 745 ridebant
311 699 407 744 barbari:
427 713 484 758 quos
498 699 558 744 inter
573 696 667 751 Brinno,
680 695 743 744 Can·

80 760 177 816 ninelas,
189 778 255 824 super
265 764 388 824 ingenitam
398 763 505 822 ferociam
516 777 546 808 ex
556 761 698 809 contumeliae
708 761 742 808 fa·

79 825 165 872 cilitatc
184 842 298 888 arrogans,
318 827 414 874 ducenta
432 828 548 874 homiuum
571 826 646 880 millia,
663 827 743 874 insano

78 889 143 944 duce,
155 892 252 938 invalida
262 892 390 954 despicere3
406 892 576 942 intremenubus
585 891 673 952 legatis,
681 889 746 937 irus·

78 961 158 1014 traque
169 956 326 1011 obnitentibus,
343 963 373 1012 et,
391 957 410 1002 si
421 957 474 1017 quid
485 963 629 1013 attentarent,
640 963 666 1001 ut
676 956 743 1017 igno÷

76 1020 155 1074 minis,
174 1019 274 1068 Variani
295 1022 366 1068 clade.
380 1022 471 1083 turpior,
498 1021 670 1083 propulsaretur,
690 1021 742 1067 odio

78 1085 155 1131 statim
178 1087 296 1149 oppressis.
338 1084 426 1132 Interea
447 1087 551 1148 princeps
572 1085 652 1132 alienae
669 1084 741 1132 laudis

77 1150 167 1206 avidus,
185 1165 227 1198 nec
244 1152 286 1197 nisi
303 1166 342 1212 per
358 1151 504 1197 deridiculum
515 1150 616 1211 quaesitae
627 1156 740 1211 appetens,

74 1215 107 1261 ob
118 1229 195 1270 novas,
207 1223 230 1262 et
241 1216 309 1262 sicuti
317 1230 376 1262 anno
388 1216 502 1276 superiore
512 1223 648 1276 personatus,
661 1213 741 1261 velita·

77 1279 152 1325 tiones
171 1281 319 1342 imperatoriis
334 1281 461 1326 nominibus
481 1281 574 1334 auctior,
590 1279 741 1339 cogitationes

77 1359 158 1390 omnes
169 1346 196 1391 ad
208 1346 313 1406 triumphi
325 1360 400 1391 curam
413 1345 570 1392 convertebat:
585 1345 605 1390 ei
617 1358 677 1389 curae
686 1349 739 1398 erat,

76 1415 110 1463 ut,
120 1417 204 1471 praeter
215 1411 315 1472 captivos
324 1416 347 1455 et
356 1408 484 1470 transfugas
491 1410 601 1463 barbaros,
615 1408 740 1455 Galliarum

75 1475 245 1534 procerissimus
261 1476 361 1535 quisque,
380 1482 405 1520 ut
424 1474 507 1522 Graeco
522 1473 630 1520 vocabulo
647 1472 739 1528 dicebat,

74 1539 178 1600 “dignus
185 1538 321 1600 triumpho,’'
331 1538 464 1585 acnonnulli
472 1537 740 1599 exprincipibusinjuriae

72 1604 202 1664 opportuni,
220 1604 356 1665 legerentur,
368 1611 395 1649 et
409 1604 437 1650 ad
452 1617 556 1665 pompam
573 1608 735 1664 seponereutur

76 1665 160 1716 Cuncti
171 1669 323 1730 quoquejussi
335 1675 474 1715 nontantum
481 1669 573 1714 rutilare
580 1674 603 1713 et
610 1666 741 1714 submittere

75 1747 172 1787 comam,
185 1734 225 1779 sed
235 1741 258 1779 et
269 1748 395 1780 sermonem
407 1733 568 1779 Germanicum
580 1731 699 1786 addiscere,
711 1745 738 1778 ac

75 1798 169 1844 nomina
178 1798 291 1852 barbarica
297 1797 363 1844 ferre.

108 1859 159 1923 [Ne
170 1863 222 1922 quid
233 1864 304 1909 adhuc
313 1863 341 1909 ad
349 1861 498 1908 celebritatem
505 1861 600 1916 deesset,
611 1876 682 1907 morae
693 1861 725 1907 im

72 1928 167 1989 patiens,
177 1935 200 1973 et
206 1935 290 1987 quanto
296 1928 346 1988 plus
354 1927 458 1988 portenti,
464 1927 582 1988 tantoplus
587 1926 668 1988 gloriae
675 1926 737 1987 prin·

72 1991 159 2051 cipibus
173 1993 278 2038 accedere
292 1992 360 2038 stulte
374 1991 483 2052 opinatus,
500 1992 607 2053 praecepit
625 1991 737 2048 triremes,
765 2042 773 2051 ,

73 2056 154 2118 quibus
170 2057 285 2103 introierat
300 2056 424 2109 Oceanum,
439 2055 522 2118 magud
537 2070 566 2102 ex
580 2061 643 2116 parte
656 2056 737 2102 itinere

73 2122 173 2167 terrestri
189 2121 287 2167 Romam
299 2121 385 2167 devehi.
410 2120 504 2182 Scripsit
515 2127 539 2167 et
548 2119 736 2181 procuratoribus,

70 2185 210 2246 triumphum
232 2193 363 2248 appararent
379 2199 446 2245 quam
465 2184 559 2231 minimd
575 2182 679 2241 summb;
695 2183 737 2230 sed

71 2257 169 2311 quantus
190 2265 302 2310 nunquam
317 2251 373 2296 alius
383 2249 477 2296 fuissetr
496 2265 536 2296 eos
547 2250 570 2295 in
581 2248 682 2295 omnium
693 2248 734 2293 bo-

71 2316 277 2377 minumbonajus
288 2316 378 2362 babere:
399 2329 452 2376 opes
462 2313 569 2377 principis
579 2312 607 2359 ad
618 2326 677 2359 nova
687 2312 733 2358 dis·

69 2380 165 2426 crimina
173 2386 195 2425 et
206 2380 332 2441 reipublicae
343 2379 438 2441 gloriam
450 2377 600 2425 reservandas.

106 2441 169 2506 [Nec
180 2445 234 2491 satis
244 2446 325 2491 immiti
336 2446 418 2500 animo,
429 2444 472 2489 nisi
482 2444 506 2489 in
518 2443 591 2489 caedes
602 2441 733 2488 exardesce-

70 2517 113 2556 ret.
136 2508 194 2555 Visu
205 2509 327 2571 legionum,
338 2523 390 2569 quae
401 2515 486 2570 patrem
497 2523 563 2554 suum
572 2505 734 2554 Germanicum

51 2571 59 2578 '
70 2581 127 2621 etse
138 2572 246 2620 infantem
257 2574 310 2620 olim
322 2574 460 2628 obsederant,
470 2572 590 2619 excanduit
600 2571 648 2633 ejus
658 2569 732 2628 furor3

70 2639 172 2698 initoque
188 2638 292 2687 nefandae
311 2639 433 2685 atrocitatis
452 2637 552 2691 oonsilio,
568 2650 647 2683 omnes
665 2638 733 2682 morti

71 2704 176 2749 destinat
208 2703 246 2749 Ab
256 2704 310 2767 ipsis
318 2710 394 2750 tamen
401 2700 748 2772 crudelitatuminst'mctpr‘xbus

59 2768 201 2827 praepeditus
219 2783 251 2816 ne
262 2769 400 2830 vindictam,
410 2776 449 2818 tot
458 2768 646 2818 {animuum
652 2769 769 2807 ursorum

54 2828 142 2880 artare
153 2832 282 2898 difficilem,
300 2845 326 2890 et
338 2839 508 2891 ob'barbaros
524 2834 640 2895 undana
653 2825 792 2882 aarum*
