1680 2910
76 181 128 221 ic.
139 185 173 226 39-
240 178 292 224 Lm.
304 175 377 224 VIII.
394 175 594 235 ANNALIUM.
702 184 749 229 235

80 311 204 371 consulque
215 309 371 363 destinabatur,
381 306 464 370 magnai
474 309 585 371 principis,
597 309 681 372 majore'
689 310 745 359 adu·

79 377 177 422 latorum
188 372 287 420 infamii.
690 412 693 417 ,

114 437 188 503 [Haec
199 445 275 486 tamen
286 438 380 493 modica,
398 444 422 484 et
431 438 588 500 in'paucorum
599 439 746 491 deridiculum

79 505 197 552 ruinamve
205 504 304 550 inventa.
335 502 369 549 At
380 517 486 549 successu
496 503 616 559 inescatus,
633 505 746 552 omnium·

81 585 126 631 que
141 570 220 631 opibus
234 569 330 623 inhians,
346 567 413 622 viros,
430 565 531 623 feminas,
549 583 627 615 omnes
638 570 687 616 sine
698 570 745 630 ullo

80 634 210 682 discrimine
217 633 297 680 divites
308 632 421 694 corripuit.
453 631 635 694 Excogitataque
645 634 697 680 mali
709 651 745 681 re-

80 700 156 748 media
163 699 257 744 exitium
264 693 418 759 properavdre.
437 694 497 745 Cum
506 698 571 752 enim,
584 698 666 760 injecto
674 707 744 756 metu,

78 767 108 813 ab
117 765 203 826 ignotis
213 764 272 809 inter
285 761 410 816 familiares,
427 776 441 808 a
457 763 584 823 parentibus
595 763 653 823 inter
663 763 744 812 liberos

79 829 164 894 passim
182 829 256 875 haeres
277 833 447 889 nuncuparetur,
465 834 550 887 quanto
571 827 743 884 formidolosior,

80 902 146 943 tanto
157 893 259 949 atrocior,
271 892 381 939 derisores
390 891 509 947 vocitabat,
521 893 559 953 qui
569 899 622 954 post
629 907 745 953 supnemas

80 959 169 1008 tabulas
181 958 259 1005 virere
274 963 400 1019 pergerent,
417 956 538 1018 multisque
548 964 671 1004 venenatas
682 973 744 1006 mac·

80 1033 130 1072 teas
141 1024 209 1070 misit.
244 1022 363 1069 Seniorum
380 1036 441 1076 vero,
458 1023 537 1083 quibus
548 1023 616 1068 vitam
627 1024 743 1084 permitte-

80 1091 126 1143 bat,
135 1104 160 1136 se
166 1087 237 1134 filium
246 1095 379 1148 nepotemve
387 1086 496 1142 dictitans,
506 1087 624 1148 statimque
630 1089 745 1150 occupatis

80 1155 153 1207 bonis,
170 1150 282 1200 heredem
294 1168 318 1198 se
329 1151 476 1197 renuntiabat.

115 1216 230 1281 [Nequior
240 1217 319 1270 adbuc,
336 1231 403 1277 quam
420 1215 515 1270 stultior,
531 1217 641 1278 princeps,
657 1215 745 1280 flagitia

81 1282 183 1345 ampliori
199 1283 318 1328 criminum
335 1282 428 1326 materie
447 1281 538 1327 obtexit.
571 1279 662 1330 Curiam
682 1284 742 1329 enim

80 1349 142 1402 adiit,
157 1355 275 1408 putresque
286 1346 402 1399 allocutus,
417 1344 461 1392 ait:
480 1346 555 1392 mirari
566 1361 591 1392 se
602 1347 629 1392 ab
640 1346 666 1392 iis
678 1348 743 1408 argui

78 1412 266 1474 sapientissimam
283 1409 368 1458 Tiberii
384 1416 489 1464 mentem,
512 1411 620 1456 bellorum
638 1412 743 1472 pacisque

78 1479 164 1525 artibus
182 1477 302 1539 probatam,
319 1475 412 1537 imperio
430 1489 512 1537 parem,
529 1475 623 1536 publicae
642 1475 742 1523 felicitati

77 1544 224 1606 provisuram,
241 1541 283 1588 nisi
298 1539 436 1587 obstitissent
446 1547 566 1586 senatores.
598 1539 648 1586 Eos
660 1539 742 1588 Liboni

77 1607 165 1662 Druso,
183 1605 245 1653 Titio
262 1607 350 1660 Sabino,
370 1604 504 1666 Agrippinae
520 1605 593 1659 matri,
610 1604 699 1651 Neroni
719 1613 743 1652 et
803 1607 805 1612 '

76 1671 157 1720 Druso
175 1671 286 1725 fratribus,
303 1671 441 1728 caeterisque,
462 1684 519 1729 quos
537 1667 622 1715 Tiberii
641 1671 741 1731 aequitas,

76 1739 131 1784 recti
142 1737 254 1800 pervicax,
272 1736 330 1782 baud
341 1748 447 1793 umquam
457 1734 563 1795 punisset,
572 1735 693 1795 perniciem
704 1736 740 1782 in·

74 1802 167 1849 tulisse:
181 1801 236 1848 alios
244 1801 399 1853 delationibus,
406 1798 461 1844 alios
470 1799 652 1856 accusationibus,
661 1815 741 1848 omnes

75 1867 193 1914 sententiis
205 1867 310 1913 saeviisse.

107 1930 224 1994 [Moxque
232 1930 329 1978 recitatis
340 1944 380 1991 per
389 1929 482 1977 libertos
494 1928 579 1982 libellis,
596 1929 737 1978 demonstra·

72 1997 147 2057 tisque
158 1996 293 2050 criminibus,
301 1995 374 2042 addit:
391 1994 479 2048 “Quos
491 2009 541 2040 esse
551 2009 593 2040 uos
604 1992 705 2051 dixerim,
715 1996 739 2042 in

71 2061 157 2109 Tiberii
176 2061 334 2108 contumeliam
353 2065 417 2107 tauto
435 2059 559 2120 proniores,
576 2066 667 2120 quanto,
684 2060 738 2106 dum

70 2127 165 2181 viveret,
183 2126 210 2172 ad
229 2128 277 2186 eJus
294 2125 461 2171 venerationem
481 2122 642 2186 projectiores?
675 2123 738 2170 Olim

72 2192 192 2237 criminum
204 2189 306 2245 artifices,
318 2205 379 2236 nunc
390 2191 438 2251 ejus
448 2189 580 2234 memoriam
589 2188 739 2235 insectamini.

71 2253 160 2303 Eidem
177 2252 328 2303 inconstantis
345 2255 428 2316 Sejano
443 2253 574 2314 superbiam,
591 2253 672 2299 deinde
686 2253 736 2299 exi·

70 2321 135 2375 tium,
159 2319 257 2367 orcistis.
292 2320 351 2375 Quae
370 2319 498 2381 meipsum
518 2324 629 2372 maneant,
654 2317 737 2365 docent

70 2393 146 2437 vestra
153 2393 256 2433 anteacta
262 2381 386 2431 facinora.”
420 2384 498 2444 Atque
510 2389 536 2428 ut
543 2382 622 2431 alienae
632 2397 737 2444 persone

69 2450 163 2497 obtentu
180 2451 301 2497 atrociores
318 2463 397 2496 sensus
413 2448 503 2503 velaret,
521 2446 636 2494 Tiberium
647 2448 737 2494 induxit

66 2515 122 2562 talia
129 2514 246 2562 effantem:
255 2521 272 2544 ‘⁸‘
277 2514 352 2562 Recta
360 2529 456 2575 veraque
464 2513 559 2568 locutus,
564 2527 642 2559 eorum
651 2513 736 2559 nemini

70 2587 94 2626 te
104 2580 207 2635 amicum,
225 2581 314 2628 cunctis
325 2595 431 2629 seuerum
440 2585 538 2644 presta·
561 2576 753 2624 'lesmonaste-

61 2645 133 2702 bunt,·
151 2653 300 2714 mortemque
316 2647 409 2699 frustra
421 2648 523 2714 precati,
538 2633 776 2703 urtaxu'xus'xb'iw·

53 2712 126 2777 ἴω
147 2712 242 2767 Sensus
258 2733 289 2770 ac
307 2718 385 2771 verba
397 2730 505 2784 sperne,
516 2698 712 2780 iacbsdffiss‘·
727 2674 793 2747 'd
