1680 2910
121 132 169 178 108
202 121 641 177 ANNALIUMLm111.csr.su
666 127 786 172 uelis.

120 261 209 308 lurdem
217 258 289 305 Drusi
301 256 443 302 trahebatur:
463 255 491 301 ab
501 270 528 302 eo
535 255 558 300 in
569 256 631 310 urhe,
641 250 703 300 luter
713 260 786 300 coetus

121 325 144 372 et
156 338 270 371 sermones
281 321 404 376 hominurn,
419 321 558 374 obversante,
569 327 656 366 secreta
666 319 738 380 patris
744 319 786 364 mi·

122 390 204 450 tigeri:
225 401 296 447 neque
306 387 374 432 luxus
385 386 408 431 in
415 387 501 448 jurene
512 385 568 431 adeo
578 383 724 446 displicebat:
744 384 786 429 huc

121 454 196 516 potius
206 451 338 502 intenderet,
350 450 408 496 diem
419 450 560 502 editionibus,
573 458 666 495 noctem
678 448 787 495 conviviis

121 519 227 571 traheret,
240 531 307 576 quam
319 515 386 570 solus,
398 524 421 561 et
431 515 498 560 nullis
510 514 661 576 voluptatibus
672 521 786 566 avocatus,

122 590 226 629 moestam
239 581 377 642 vigilantiam
389 590 412 626 ct
423 579 492 626 malas
503 594 567 626 curus
577 586 700 625 exerceret.

156 643 307 693 XXXVIII.
325 643 380 690 Non
391 645 450 691 enim
466 643 576 698 Tiberius,
588 659 634 690 non
646 649 787 690 accusatores

121 711 261 759 fatiscebant.
281 709 314 756 Et
325 709 452 755 Ancharius
464 709 555 756 Priscus
567 707 669 757 Caesium
678 706 786 760 Cordum,

120 776 277 839 proconsulem
290 773 373 828 Cretae,
390 775 540 835 postulaverat
550 774 696 836 repetundis;
713 772 787 819 addito

122 842 244 904 maJestatis
256 840 354 889 crimine,
368 839 428 899 quod
442 847 490 884 tum
506 840 606 884 omnium
618 838 787 885 accusationum

122 906 311 967 complementum
324 910 380 949 erat.
412 901 491 950 Caesar
507 903 631 950 Antistium
643 901 786 953 Veterem,e

122 970 255 1033 primoribus
267 968 417 1021 Macedoniae,
430 967 557 1013 absolutum
568 967 677 1020 adulterii,
689 967 785 1027 increpi-

123 1037 153 1084 tis
160 1035 278 1098 judicibua,
289 1033 318 1079 ad
325 1033 440 1079 dicendam
452 1033 574 1092 majestatis
584 1047 675 1078 causam
687 1031 786 1086 retraxit,

124 1109 149 1148 ut
163 1099 282 1152 turbidum,
297 1105 321 1144 et
340 1096 514 1158 Rhescuporidis
527 1097 625 1143 consiliis
642 1097 786 1158 permixtum,

123 1163 168 1228 qud
185 1170 323 1226 tempestate,
341 1159 416 1223 Cotye
434 1161 558 1215 interfecto,
574 1161 657 1207 bellurn
681 1161 788 1209 adversus

125 1245 167 1276 rros
181 1229 292 1275 volverat.
324 1224 400 1288 Igitur
415 1224 473 1287 aquai
483 1239 506 1272 et
516 1227 565 1306 ipni
578 1226 723 1273 Interdictum
741 1243 785 1283 reo,

124 1295 300 1357 appositumque,
309 1299 334 1338 ut
343 1300 456 1338 teneretur
466 1291 545 1346 insula,
558 1306 630 1351 neque
641 1291 786 1340 Macedoniae

124 1375 196 1419 neque
206 1357 311 1404 Thracias
321 1354 452 1417 opportuni.
477 1355 538 1403 Nam
547 1355 650 1412 Thracia,
662 1357 735 1403 diviso
746 1358 789 1404 im·

124 1425 186 1486 perio
196 1424 219 1469 in
236 1420 408 1468 Rhcemetalcen
421 1429 444 1466 et
457 1421 538 1467 liberos
550 1419 638 1481 Cotyis,
650 1419 703 1482 quis
713 1423 743 1468 ob
753 1423 788 1468 in·

123 1488 216 1534 fantiam
236 1494 297 1532 tutor
319 1494 367 1533 erat
388 1484 542 1532 Trebellienus
564 1485 646 1540 Rufus,
669 1487 789 1534 insolentiis

125 1553 204 1606 nostri,
215 1553 301 1598 discors
313 1552 409 1612 agehat;
427 1566 499 1610 neque
516 1553 590 1597 minus
605 1549 787 1608 Rhoemetalcen,

124 1632 191 1677 quam
209 1614 383 1669 Trebellienum,
401 1617 514 1670 incusans,
534 1616 675 1678 popularium
694 1617 787 1679 injurias

125 1682 209 1727 inultas
226 1682 306 1728 sinere.
339 1680 436 1729 Coeletae
454 1680 593 1741 Odrusaeque
608 1688 631 1726 et
646 1679 695 1733 Dii,
706 1681 788 1729 validae

123 1747 234 1798 nationes,
245 1761 307 1792 arma
317 1743 402 1807 cepere,
411 1746 503 1792 ducibus
513 1745 613 1798 diversis,
622 1754 646 1792 et
656 1745 746 1806 paribus
755 1748 790 1794 in·

123 1817 159 1856 ter
167 1826 191 1856 se
201 1826 241 1872 per
251 1810 425 1871 ignobilitatem:
445 1825 496 1870 quae
503 1825 570 1857 causa
577 1810 626 1866 suit,
634 1826 664 1857 ue
671 1812 695 1857 in
706 1811 790 1858 bellurn

126 1884 193 1922 atrox
207 1875 365 1921 coalescerent.
402 1875 458 1921 Pars
480 1876 569 1922 turbant
590 1877 725 1937 praesentia3
753 1876 791 1924 alii

126 1947 226 1986 montem
239 1938 349 1986 Haemum
360 1940 560 2000 transgrediuntur,
573 1949 598 1986 ut
605 1948 704 1987 remotos
715 1957 788 2003 popu·

126 2005 162 2051 los
173 2005 300 2051 concirent:
320 2005 409 2065 plurimi
424 2019 450 2050 ac
465 2005 562 2052 maxime
573 2006 697 2068 compositi,
709 2020 788 2068 regem
804 2015 806 2022 ’

127 2071 248 2130 urbemque
266 2068 445 2131 Philippopolim,
463 2084 477 2115 a
496 2069 623 2117 Macedone
637 2069 743 2133 Philippo
758 2073 789 2118 si·

127 2143 181 2187 tam,
191 2134 358 2180 circumsidunt.

160 2197 363 2251 XXXIX.ch
380 2199 417 2244 ubi
435 2200 526 2260 cognita
545 2198 572 2246 P.
580 2198 675 2255 Velleio,
693 2201 724 2262 (is
736 2216 789 2262 pro·

127 2263 213 2308 nimum
235 2263 358 2308 exercitum
382 2263 524 2325 praesidebat)
550 2265 631 2311 alarios
653 2267 741 2325 equites
763 2281 790 2313 sc

126 2327 189 2372 leves
200 2327 324 2372 cohortium
333 2327 402 2374 mittit
409 2329 432 2373 in
441 2343 488 2382 eos,
496 2330 534 2388 qui
558 2330 692 2385 raednbundi,
704 2339 743 2378 aut
754 2346 791 2377 as·

118 2391 238 2438 sumendis
253 2392 351 2450 auxiliis,
362 2394 512 2457 vagabantur.
541 2346 598 2454 lpse
610 2395 677 2438 robur
689 2395 793 2453 peditum

108 2456 141 2502 ad
151 2458 327 2508 exsolvendum
348 2461 464 2509 obsidium
485 2459 556 2506 ducit„
590 2457 712 2512 Similique
726 2463 813 2498 cuncta

95 2537 218 2588 prospere
237 2537 305 2577 acta:
334 2531 407 2578 caesis
426 2524 618 2592 populatoribus,
637 2527 664 2564 er
682 2515 829 2571 &mim

48 2587 146 2696 *m
157 2595 227 2660 apud
242 2597 398 2659 obsidentes,
420 2597 544 2660 regisque
559 2577 700 2649 opportunis
712 2574 830 2633 eruption«
