1680 2910
60 40 112 113 ὼ]

68 159 166 201 J.c.14.
223 153 416 205 ANNALIUM
432 154 636 206 LraI.Car.'lo.
717 159 733 206 't

72 295 116 341 tur,
138 302 184 348 quo
206 285 322 336 Valerium
343 284 443 334 Corvum
466 294 489 334 et
509 285 537 335 C.
549 286 648 334 Marium
671 288 739 334 simul

72 360 214 413 aequaverat:
234 353 363 398 continuata
374 368 414 414 per
425 360 509 413 septem
525 359 548 398 et
562 353 655 414 triginta
666 367 737 399 annos

72 417 190 464 tribunicia
200 423 310 478 potestas:
331 432 413 463 nomen
425 416 569 478 Imperatoris
585 418 655 463 semel
671 426 738 477 atque

72 483 142 530 vicies
148 489 250 543 partum;
266 482 467 542 aliaquehonorum
476 483 664 543 multiplicataaut
672 497 738 528 nova.

73 547 108 594 At
119 546 177 606 apud
185 547 305 609 prudentes
313 547 360 593 vita
368 548 415 608 ejus
426 548 487 593 varie
493 547 647 600 extollebatur,
656 562 737 608 argue-

72 613 174 658 baturve.
207 610 248 664 Hi,
259 612 342 673 pietate
352 627 406 672 erga
414 619 528 672 parentem
540 619 563 658 et
574 611 738 657 necessitudine

74 676 208 737 reipublicae.
220 677 243 721 in
253 674 297 736 qud
308 676 382 722 nullus
394 683 447 722 tunc
458 676 545 738 legibus
555 677 625 727 locus.
637 677 665 722 ad
677 691 739 721 arma

60 759 63 762 ·
74 741 150 787 civilia
160 749 242 794 actum,
254 738 305 801 quae
316 756 388 800 neque
398 741 469 801 parari
481 747 573 801 possent
583 756 655 800 neque
664 740 740 786 haberi

74 806 200 868 perbonas
216 811 289 851 artes:
309 806 379 852 multa
396 806 503 859 Antonio,
521 806 573 851 dum
584 804 739 851 interfectores

74 870 146 933 patris
157 870 308 924 ulcisceretur,
326 871 397 916 multa
409 869 496 930 Lepido
508 871 655 916 concessisse:
675 876 738 930 post-

75 949 143 996 quam
155 935 191 980 hic
203 932 304 981 socordia
319 935 422 988 senuerit,
439 935 477 980 ille
487 950 526 996 per
537 934 638 981 libidines
648 950 739 996 pessum

77 999 142 1061 datus
159 1000 195 1050 sit,
213 1015 259 1047 non
276 999 335 1046 aliud
355 999 501 1046 discordantis
518 1001 598 1059 patriae
616 999 739 1046 remedium

103 1065 115 1076 ''
122 1079 152 1118 se,
165 1079 230 1123 quam
239 1071 265 1110 ut
273 1065 300 1109 ab
308 1079 353 1110 uno
362 1071 483 1125 regeretur.
515 1063 569 1110 Non
578 1079 648 1124 rcgno
657 1072 739 1117 tamen,

76 1063 150 1188 Qus
169 1127 285 1182 dictatura,
303 1129 341 1174 sed
359 1128 470 1190 Principis
486 1130 577 1174 nornine
595 1129 740 1174 constitutam

77 1193 252 1254 rempublicam:
272 1195 326 1240 mari
339 1193 432 1240 Oceano
445 1199 483 1240 aut
497 1190 597 1239 amnibus
612 1193 741 1253 longinquis

79 1264 166 1319 septam
193 1259 325 1320 imperium:
355 1259 463 1319 legiones,
491 1258 622 1320 provincias,
651 1257 741 1311 classes,

78 1330 159 1370 cuncta
170 1324 264 1370 interae
275 1337 387 1370 connexa:
402 1324 441 1385 jus
451 1324 509 1385 apud
525 1323 592 1375 cives,
609 1322 741 1368 modestiam

79 1387 138 1448 apud
149 1388 235 1434 socios:
255 1389 332 1434 urbem
343 1389 412 1449 ipsam
425 1386 544 1448 magnifico
559 1393 653 1433 ornatu:
672 1400 743 1448 pauca

79 1453 199 1511 admodum
211 1453 234 1498 vi
244 1460 345 1506 tractata,
357 1468 402 1513 quo
413 1454 500 1498 caeteris
510 1452 573 1512 quies
584 1458 650 1497 esset.

113 1515 146 1562 X.
163 1516 287 1564 Dicebatur
302 1525 385 1570 contra,
403 1518 507 1578 pietatem
522 1531 578 1579 erga
589 1523 703 1576 parentem
720 1521 743 1560 et

79 1589 182 1642 tempora
200 1583 326 1644 reipublicae
341 1583 440 1628 obtentui
456 1588 541 1628 sumtat
562 1588 667 1627 caeterum
679 1579 742 1641 cupi·

80 1647 132 1692 dine
147 1646 275 1694 dominandi
290 1649 391 1693 concitos
406 1663 446 1708 per
459 1647 601 1706 largitionem
616 1654 742 1699 veteranos,

80 1719 182 1773 paratum
194 1713 221 1758 ab
232 1712 374 1758 adolescente
384 1712 470 1772 privato
482 1712 611 1763 exercitum,
629 1716 744 1771 corruptas

80 1777 179 1823 consulis
189 1777 297 1838 legiones,
313 1777 437 1823 simulatam
450 1775 636 1837 Pompeianarum
648 1775 744 1836 gratiam

80 1843 190 1902 partium:
211 1856 265 1887 mox
277 1842 312 1888 ubi
324 1842 413 1887 decreto
423 1850 511 1902 patrum
522 1840 593 1886 fasces
603 1847 626 1885 et
633 1841 671 1901 jus
683 1853 743 1901 prae·

80 1907 136 1952 toris
151 1906 264 1960 invaserit,
281 1908 346 1952 caesis
364 1905 442 1951 Hirtio
458 1912 481 1951 et
499 1903 581 1956 Pausi,
599 1905 658 1966 (sive
674 1904 745 1950 hostis

69 1968 138 2023 ‚allos
154 1986 193 2017 seu
205 1970 302 2017 Pansam
315 1986 426 2016 venenum
438 1971 524 2017 vulneri
536 1969 637 2023 affusum,
655 1970 689 2014 sui
700 1969 744 2013 mi·

80 2033 133 2080 lites
149 2035 259 2089 Hirtium,
277 2043 300 2081 et
313 2037 451 2081 machinator
467 2035 511 2081 doli
523 2032 602 2082 Caesar
612 2030 744 2093 abstulerat)

82 2100 197 2159 utriusque
205 2101 444 2161 copiasoccnpavisse:
464 2107 577 2146 extortum
585 2099 657 2144 invito
665 2106 746 2144 senatu

82 2164 223 2211 consulatum
228 2182 235 2222 ;
254 2180 364 2225 armaque.
383 2180 434 2226 quae
450 2166 473 2210 in
486 2164 611 2210 Antonium
627 2162 744 2224 acceperit,

82 2237 161 2275 contra
179 2230 338 2291 rempublicam
355 2245 434 2276 versa:
453 2229 638 2291 proscriptionem
655 2228 745 2281 civium,

82 2293 203 2340 divisiones
214 2309 326 2354 agrorum,
339 2310 368 2340 ne
378 2296 432 2355 ipsis
442 2294 538 2354 quidem,
550 2293 587 2352 qui
600 2288 684 2352 cepere,
696 2292 746 2338 lau·

83 2357 151 2405 datas
186 2358 245 2405 Sane
258 2356 330 2406 Cassii
342 2367 365 2405 et
376 2359 499 2406 Brutorum
509 2359 582 2403 exitus
593 2357 692 2418 paternis
703 2356 747 2401 ini-

81 2423 172 2469 micitiis
183 2423 246 2470 datos
255 2424 399 2486 (quamquam
411 2423 444 2470 ias
451 2424 487 2478 sit,
497 2423 587 2487 priuata
595 2421 760 2481 odrapubbe'xa

82 2487 213 2534 utilitatibus
223 2488 364 2553 remittere);
382 2492 424 2539 sed
433 2486 692 2556 Pompeiumimagrne
699 2480 780 2541 pasis.

74 2551 117 2596 Μ
126 2550 239 2612 Lepidum
251 2558 330 2618 specie
340 2561 463 2618 amicitiae,
475 2561 612 2622 deceptos·=
627 2553 699 2616 posis
711 2546 798 2589 iem·

86 2612 93 2624 0

56 2638 62 2645 .
81 2626 135 2692 rum!
156 2615 293 2693 Tarentino
312 2626 529 2693 Brundisinoque
548 2621 652 2673 loedere
671 2617 702 2658 et
716 2599 816 2659 aroniim

44 2687 142 2727 ‚torona
150 2683 273 2753 illectum,
290 2697 408 2751 subdopae
422 2695 563 2750 affin-mm
572 2697 674 2757 mm
682 2675 777 2722 ,mm
787 2669 816 2703 ις
