1680 2910
73 162 172 203 J.t'.1t.
226 154 420 205 ANNALIUM
437 154 520 204 Lnsl.
538 153 646 206 cunt&
713 164 744 210 17

72 289 144 336 culsne
155 288 225 335 semel
238 296 335 341 mentes,
348 288 388 333 sibi
400 293 510 333 aeternum
520 287 620 334 laborem
631 291 742 350 portendi,

47 384 49 389 ·
72 370 113 402 sun
121 354 222 401 facinora
231 354 329 400 aversari
341 353 401 408 deos,
410 353 569 399 lamentantur.
580 353 697 400 Utendum
706 357 742 403 in·

68 417 229 466 clinatione'ed
236 416 322 471 Cesar,
328 423 358 470 et,
366 432 418 478 quae
424 432 491 463 casus
498 418 614 473 obtulerat,
621 420 645 464 in
652 421 741 482 sapien·

67 484 126 531 tiam
138 482 246 530 uertenda
256 489 324 537 ratus,
337 482 448 528 circumiri
460 484 636 546 tentoriajubet.
670 485 740 532 Acci·

67 556 109 601 tur
118 549 221 596 centurio
238 546 353 601 Clemens,
364 554 388 593 et
399 547 417 592 si
429 546 466 592 alii
477 548 542 594 bonis
553 549 636 595 artibus
646 551 707 611 grati
716 552 740 598 in

67 613 168 676 vulgus:
188 613 204 658 ii
216 613 305 674 vigiliis,
318 612 456 666 stationibus,
469 613 575 659 custodiis
586 621 701 675 portarum
713 631 745 664 se

67 679 179 732 inserunt,
192 692 254 740 spem
266 677 370 730 offerunt,
382 685 468 724 metum
477 679 604 724 intendunt.
620 686 635 708 ‘⁴
643 677 738 734 Quous-

67 743 192 805 quetilium
200 744 341 804 imperatoris
349 742 515 789 obsidebimus?
532 743 581 803 quis
589 746 737 792 certaminum

66 807 139 856 fluis?
173 807 329 854 Percennione
343 815 366 854 et
384 807 497 854 Vibuleno
512 820 675 856 sacramentum
688 809 736 858 dic·

65 874 113 921 turi
124 873 217 921 sumus?
250 872 390 920 Percennius
400 880 424 919 et
434 871 561 919 Vibulenus
571 874 680 936 stipendio
691 876 735 922 mi·

46 965 49 972 ·
66 938 150 992 litibus,
162 953 230 1000 agros
241 938 341 984 emeritis
352 937 494 999 largientur?
511 938 612 999 denique,
628 955 670 1002 pro
682 939 735 988 Ne-

64 1004 160 1051 ronibus
168 1011 191 1050 et
199 1002 291 1057 Drusis,
303 1003 420 1064 imperium
432 1002 508 1065 populi
519 1002 589 1052 Rom.
598 1005 734 1066 capessent?

61 1067 133 1124 Quin
149 1069 232 1130 potius,
251 1075 277 1113 ut
294 1068 409 1114 novissimi
429 1069 452 1114 in
467 1069 562 1130 culpam,
578 1070 610 1115 its
624 1071 690 1131 primi
705 1071 737 1118 ed·

60 1134 223 1197 poeoitentiam
235 1132 331 1179 sumus?
363 1131 505 1187 Tardasunt,
518 1147 569 1192 quoe
577 1134 600 1179 in
612 1149 735 1183 commune

64 1199 252 1262 expostulantur:
279 1198 388 1260 privatam
409 1199 505 1260 gratiam
528 1198 603 1244 statim
625 1214 732 1256 mereare,

59 1265 140 1313 statim
149 1260 269 1327 recipias.”
287 1261 414 1311 Commotis
425 1278 465 1324 per
476 1263 524 1309 haec
535 1263 653 1318 mentibus,
662 1272 685 1310 et
696 1266 731 1310 in·

59 1336 100 1377 tet
115 1344 140 1377 se
155 1329 272 1391 suspectis,
286 1328 383 1376 tironem
394 1342 408 1373 a
419 1334 532 1381 veterano,
549 1326 662 1388 legionem
674 1344 688 1374 a
698 1329 731 1376 le·

61 1395 132 1458 gione
146 1395 275 1442 dissociant.
306 1391 368 1440 Tum
384 1393 456 1439 redire
467 1392 572 1454 paulatim
587 1408 650 1439 amor
666 1394 731 1441 obse·

60 1455 123 1522 quil:
143 1460 251 1507 omittunt
261 1465 348 1520 portas;
367 1457 438 1520 signa,
451 1472 521 1503 unum
536 1458 559 1503 in
576 1458 650 1504 locum
667 1459 729 1519 prin·

61 1514 121 1588 ¹cipio
134 1525 250 1572 seditionis
261 1530 405 1586 congregata,
417 1539 469 1569 snas
480 1523 503 1567 in
515 1522 579 1568 sedes
590 1522 697 1570 referunt.

95 1588 196 1636 XXIX.
215 1587 314 1644 Drusus,
334 1595 385 1635 orto
407 1588 442 1633 die
464 1594 487 1633 et
508 1586 589 1634 vocati
613 1589 729 1644 concione,

58 1669 197 1716 quamquam
214 1654 275 1701 rudis
285 1654 380 1708 dicendi,
397 1653 512 1699 nobilitate
522 1650 629 1714 ingeniti,
637 1654 730 1701 incusat

57 1720 141 1782 priora,
156 1720 239 1828 probat
254 1718 386 1781 praesentia:
406 1725 475 1780 negat
491 1733 516 1764 se
532 1725 617 1766 terrore
627 1725 651 1765 et
661 1720 728 1765 minis

59 1784 136 1832 vinci:
173 1799 229 1830 exoa
245 1784 272 1830 ad
294 1783 426 1829 modestiam
447 1784 466 1829 si
483 1783 564 1837 videat,
582 1786 599 1830 si
617 1785 728 1847 supplices

45 1849 140 1905 ,audiat
153 1849 288 1910 scripturum
299 1850 362 1910 patri,
376 1857 401 1894 ut
411 1849 513 1909 placatus
517 1849 637 1911 legionum
649 1864 728 1912 preces

55 1914 180 1975 exciperet.
213 1912 341 1968 Orantibus,
360 1929 448 1959 rursum
468 1914 528 1959 idem
547 1913 644 1968 Blaesus,
662 1922 685 1961 et
696 1914 725 1960 1.

58 1977 182 2040 Apronius,
198 1992 266 2039 eques
277 1976 395 2023 Romanus
405 1994 419 2024 e
430 1979 523 2024 cohorte
535 1976 613 2032 Drusi,
632 1978 725 2027 Justus·

53 2058 102 2104 que
117 2041 236 2097 Catonius,
252 2043 318 2104 primi
337 2043 421 2089 ordinis
440 2043 547 2096 centurio,
563 2043 591 2088 ad
608 2041 724 2089 Tiberium

53 2109 185 2155 mittuntur.
219 2105 336 2156 Certatum
350 2108 403 2154 inde
418 2108 541 2161 sententiis,
558 2123 609 2154 cum
622 2109 666 2161 alii,
682 2124 724 2170 op·

51 2173 174 2237 periendos
184 2173 279 2235 legatos,
288 2180 355 2233 atque
365 2173 456 2218 interim
467 2172 571 2218 comitate
581 2173 724 2233 permulcen-

53 2239 110 2285 dum
127 2237 230 2292 militem,
253 2244 384 2284 censerent:
407 2237 451 2290 alii,
469 2235 598 2284 tortioribus
617 2239 723 2285 remediis

53 2304 180 2368 egendum:
200 2303 256 2349 nihil
274 2304 298 2348 in
319 2303 388 2364 vulgo
399 2302 525 2348 modicum:
545 2309 635 2358 terrere,
648 2304 671 2349 ni
683 2319 724 2365 pa·

54 2375 138 2417 vocnt:
167 2368 204 2414 ubi
221 2369 383 2430 pertimuerint,
402 2369 494 2430 impune
516 2369 644 2414 contemni:
668 2369 722 2415 dum

53 2433 184 2496 superstitio
199 2440 286 2496 urgeat,
304 2432 439 2494 adjiciendos
457 2446 486 2478 ex
502 2432 560 2478 duce
572 2440 661 2489 metus,
670 2434 727 2479 sda-

48 2498 105 2545 ¹latis
119 2498 235 2546 seditionis
252 2498 391 2549 auctoribus.
428 2498 558 2549 Promtum
575 2499 609 2546 ab
624 2497 750 2560 uspeixnm

11 2614 22 2629 ,
41 2562 160 2624 ingenium
177 2563 261 2616 Druso
276 2575 343 2617 erat:
364 2577 469 2620 vocatos
483 2567 644 2617 Vibulenum
655 2569 684 2611 et
693 2558 764 2604 Yet·

27 2627 140 2681 ‘mnium
152 2629 255 2686 interfici
263 2637 347 2701 jubet.
384 2639 507 2692 Tradunt
515 2634 645 2702 plectunt«
656 2626 795 2676 'lfflw'

509 2723 526 2756 c
546 2708 568 2752 8
