<?xml version="1.0" encoding="UTF-8"?>
<!DOCTYPE html PUBLIC "-//W3C//DTD XHTML 1.0 Transitional//EN"
    "http://www.w3.org/TR/xhtml1/DTD/xhtml1-transitional.dtd">
<html xmlns="http://www.w3.org/1999/xhtml" xml:lang="en" lang="en">
 <head>
  <title>
</title>
<meta http-equiv="Content-Type" content="text/html;charset=utf-8" />
  <meta name='ocr-system' content='tesseract 3.04.00' />
  <meta name='ocr-capabilities' content='ocr_page ocr_carea ocr_par ocr_line ocrx_word'/>
</head>
<body>
  <div class='ocr_page' id='page_1' title='image "./ccorneliitaciti00obergoog_0236.png"; bbox 0 0 1680 2910; ppageno 0'>
   <div class='ocr_carea' id='block_1_1' title="bbox 60 119 724 172">
    <p class='ocr_par' dir='ltr' id='par_1_1' title="bbox 60 119 724 172">
     <span class='ocr_line' id='line_1_1' title="bbox 60 119 724 172; baseline 0.015 -12"><span class='ocrx_word' id='word_1_1' title='bbox 60 123 179 172; x_wconf 67' lang='lat' dir='ltr'><strong>meror.</strong></span> <span class='ocrx_word' id='word_1_2' title='bbox 229 119 282 169; x_wconf 84' lang='lat' dir='ltr'><strong>Lm</strong></span> <span class='ocrx_word' id='word_1_3' title='bbox 293 119 354 169; x_wconf 86' lang='lat' dir='ltr'><strong>VII.</strong></span> <span class='ocrx_word' id='word_1_4' title='bbox 370 121 569 170; x_wconf 84' lang='lat' dir='ltr'>ANNALIUM.</span> <span class='ocrx_word' id='word_1_5' title='bbox 677 127 724 171; x_wconf 75' lang='lat'><strong>227</strong></span> 
     </span>
    </p>
   </div>
   <div class='ocr_carea' id='block_1_2' title="bbox 57 249 724 705">
    <p class='ocr_par' dir='ltr' id='par_1_2' title="bbox 57 249 723 626">
     <span class='ocr_line' id='line_1_2' title="bbox 58 249 723 310; baseline 0.005 -14"><span class='ocrx_word' id='word_1_6' title='bbox 58 249 147 298; x_wconf 71' lang='lat' dir='ltr'><strong>morati</strong></span> <span class='ocrx_word' id='word_1_7' title='bbox 165 252 319 301; x_wconf 82' lang='lat' dir='ltr'><strong>deminutumr</strong></span> <span class='ocrx_word' id='word_1_8' title='bbox 338 254 453 301; x_wconf 84' lang='lat' dir='ltr'><strong>nonnullis</strong></span> <span class='ocrx_word' id='word_1_9' title='bbox 475 255 549 310; x_wconf 83' lang='lat' dir='ltr'><strong>etiam,</strong></span> <span class='ocrx_word' id='word_1_10' title='bbox 565 254 618 301; x_wconf 86' lang='lat' dir='ltr'><strong>licet</strong></span> <span class='ocrx_word' id='word_1_11' title='bbox 636 253 723 308; x_wconf 84' lang='lat' dir='ltr'><strong>nullum</strong></span> 
     </span>
     <span class='ocr_line' id='line_1_3' title="bbox 58 316 723 380; baseline 0.011 -18"><span class='ocrx_word' id='word_1_12' title='bbox 58 316 216 380; x_wconf 78' lang='lat' dir='ltr'><strong>magistratum</strong></span> <span class='ocrx_word' id='word_1_13' title='bbox 232 319 364 380; x_wconf 76' lang='lat' dir='ltr'><strong>gessissent,</strong></span> <span class='ocrx_word' id='word_1_14' title='bbox 384 333 450 365; x_wconf 88' lang='lat' dir='ltr'><strong>usum</strong></span> <span class='ocrx_word' id='word_1_15' title='bbox 469 319 588 369; x_wconf 73' lang='lat' dir='ltr'><strong>senatoriae</strong></span> <span class='ocrx_word' id='word_1_16' title='bbox 604 320 682 375; x_wconf 68' lang='lat' dir='ltr'><strong>restis,</strong></span> <span class='ocrx_word' id='word_1_17' title='bbox 698 319 723 369; x_wconf 80' lang='lat' dir='ltr'><strong>ia</strong></span> 
     </span>
     <span class='ocr_line' id='line_1_4' title="bbox 57 382 722 446; baseline 0.005 -19"><span class='ocrx_word' id='word_1_18' title='bbox 57 395 122 443; x_wconf 83' lang='lat' dir='ltr'><strong>spem</strong></span> <span class='ocrx_word' id='word_1_19' title='bbox 127 382 255 444; x_wconf 76' lang='lat' dir='ltr'><strong>dignitatis,</strong></span> <span class='ocrx_word' id='word_1_20' title='bbox 266 383 390 440; x_wconf 72' lang='lat' dir='ltr'><strong>concessitt</strong></span> <span class='ocrx_word' id='word_1_21' title='bbox 410 391 483 445; x_wconf 85' lang='lat' dir='ltr'><strong>atque,</strong></span> <span class='ocrx_word' id='word_1_22' title='bbox 492 391 517 430; x_wconf 89' lang='lat' dir='ltr'><strong>ut</strong></span> <span class='ocrx_word' id='word_1_23' title='bbox 532 384 603 431; x_wconf 83' lang='lat' dir='ltr'><strong>levior</strong></span> <span class='ocrx_word' id='word_1_24' title='bbox 613 383 672 430; x_wconf 84' lang='lat' dir='ltr'><strong>foret</strong></span> <span class='ocrx_word' id='word_1_25' title='bbox 681 385 722 446; x_wconf 84' lang='lat' dir='ltr'><strong>ju·</strong></span> 
     </span>
     <span class='ocr_line' id='line_1_5' title="bbox 58 445 722 511; baseline 0.008 -20"><span class='ocrx_word' id='word_1_26' title='bbox 58 445 134 493; x_wconf 88' lang='lat' dir='ltr'><strong>dicum</strong></span> <span class='ocrx_word' id='word_1_27' title='bbox 144 446 213 503; x_wconf 84' lang='lat' dir='ltr'><strong>labor,</strong></span> <span class='ocrx_word' id='word_1_28' title='bbox 228 447 257 495; x_wconf 78' lang='lat' dir='ltr'><strong>dd</strong></span> <span class='ocrx_word' id='word_1_29' title='bbox 267 455 363 509; x_wconf 90' lang='lat' dir='ltr'><strong>quatuor</strong></span> <span class='ocrx_word' id='word_1_30' title='bbox 376 449 461 511; x_wconf 79' lang='lat' dir='ltr'><strong>priores</strong></span> <span class='ocrx_word' id='word_1_31' title='bbox 472 449 573 510; x_wconf 76' lang='lat' dir='ltr'><strong>quintam</strong></span> <span class='ocrx_word' id='word_1_32' title='bbox 588 448 672 497; x_wconf 86' lang='lat' dir='ltr'><strong>addidit</strong></span> <span class='ocrx_word' id='word_1_33' title='bbox 682 449 722 496; x_wconf 86' lang='lat' dir='ltr'><strong>de·</strong></span> 
     </span>
     <span class='ocr_line' id='line_1_6' title="bbox 58 511 722 576; baseline 0.008 -20"><span class='ocrx_word' id='word_1_34' title='bbox 58 511 152 561; x_wconf 75' lang='lat' dir='ltr'><strong>curiana</strong></span> <span class='ocrx_word' id='word_1_35' title='bbox 185 511 255 567; x_wconf 82' lang='lat' dir='ltr'><strong>Quod</strong></span> <span class='ocrx_word' id='word_1_36' title='bbox 270 529 324 561; x_wconf 89' lang='lat' dir='ltr'><strong>vero</strong></span> <span class='ocrx_word' id='word_1_37' title='bbox 339 512 382 560; x_wconf 83' lang='lat' dir='ltr'><strong>fuit</strong></span> <span class='ocrx_word' id='word_1_38' title='bbox 392 514 475 576; x_wconf 89' lang='lat' dir='ltr'><strong>populo</strong></span> <span class='ocrx_word' id='word_1_39' title='bbox 485 512 592 560; x_wconf 78' lang='lat' dir='ltr'><strong>Romarm</strong></span> <span class='ocrx_word' id='word_1_40' title='bbox 602 513 722 576; x_wconf 77' lang='lat' dir='ltr'><strong>acceptius,</strong></span> 
     </span>
     <span class='ocr_line' id='line_1_7' title="bbox 60 575 591 626; baseline 0.008 -5"><span class='ocrx_word' id='word_1_41' title='bbox 60 575 238 624; x_wconf 72' lang='lat' dir='ltr'><strong>ducentesimam</strong></span> <span class='ocrx_word' id='word_1_42' title='bbox 249 577 376 626; x_wconf 87' lang='lat' dir='ltr'><strong>auctionum</strong></span> <span class='ocrx_word' id='word_1_43' title='bbox 388 576 462 626; x_wconf 71' lang='lat' dir='ltr'><strong>Iulis</strong></span> <span class='ocrx_word' id='word_1_44' title='bbox 473 579 565 626; x_wconf 75' lang='lat' dir='ltr'><strong>remisit.</strong></span> <span class='ocrx_word' id='word_1_45' title='bbox 585 594 591 607; x_wconf 90' lang='lat'>·</span> 
     </span>
    </p>

    <p class='ocr_par' dir='ltr' id='par_1_3' title="bbox 94 637 724 705">
     <span class='ocr_line' id='line_1_8' title="bbox 94 637 724 705; baseline 0.002 -18"><span class='ocrx_word' id='word_1_46' title='bbox 94 637 141 703; x_wconf 82' lang='lat' dir='ltr'><strong>[At</strong></span> <span class='ocrx_word' id='word_1_47' title='bbox 150 649 265 690; x_wconf 82' lang='lat' dir='ltr'><strong>extremm</strong></span> <span class='ocrx_word' id='word_1_48' title='bbox 275 643 316 690; x_wconf 81' lang='lat' dir='ltr'><strong>vix</strong></span> <span class='ocrx_word' id='word_1_49' title='bbox 331 657 393 690; x_wconf 83' lang='lat' dir='ltr'><strong>sauae</strong></span> <span class='ocrx_word' id='word_1_50' title='bbox 410 644 493 690; x_wconf 88' lang='lat' dir='ltr'><strong>mentis</strong></span> <span class='ocrx_word' id='word_1_51' title='bbox 509 642 621 705; x_wconf 79' lang='lat' dir='ltr'><strong>ignicrdos</strong></span> <span class='ocrx_word' id='word_1_52' title='bbox 632 657 724 705; x_wconf 88' lang='lat' dir='ltr'><strong>oppres·</strong></span> 
     </span>
    </p>
   </div>
   <div class='ocr_carea' id='block_1_3' title="bbox 54 701 814 2720">
    <p class='ocr_par' dir='ltr' id='par_1_4' title="bbox 58 701 726 1600">
     <span class='ocr_line' id='line_1_9' title="bbox 61 701 726 770; baseline 0.003 -17"><span class='ocrx_word' id='word_1_53' title='bbox 61 701 113 755; x_wconf 71' lang='lat' dir='ltr'><strong>stite</strong></span> <span class='ocrx_word' id='word_1_54' title='bbox 131 706 234 754; x_wconf 85' lang='lat' dir='ltr'><strong>homines</strong></span> <span class='ocrx_word' id='word_1_55' title='bbox 250 707 303 762; x_wconf 84' lang='lat' dir='ltr'><strong>duo,</strong></span> <span class='ocrx_word' id='word_1_56' title='bbox 321 708 349 755; x_wconf 85' lang='lat' dir='ltr'><strong>ad</strong></span> <span class='ocrx_word' id='word_1_57' title='bbox 366 707 472 770; x_wconf 89' lang='lat' dir='ltr'><strong>principis</strong></span> <span class='ocrx_word' id='word_1_58' title='bbox 489 708 585 755; x_wconf 80' lang='lat' dir='ltr'>dedecus</span> <span class='ocrx_word' id='word_1_59' title='bbox 600 715 623 756; x_wconf 89' lang='lat' dir='ltr'><strong>et</strong></span> <span class='ocrx_word' id='word_1_60' title='bbox 639 707 726 770; x_wconf 86' lang='lat' dir='ltr'><strong>imperii</strong></span> 
     </span>
     <span class='ocr_line' id='line_1_10' title="bbox 59 770 724 835; baseline 0.006 -18"><span class='ocrx_word' id='word_1_61' title='bbox 59 770 155 818; x_wconf 85' lang='lat' dir='ltr'><strong>exitium</strong></span> <span class='ocrx_word' id='word_1_62' title='bbox 167 773 220 826; x_wconf 87' lang='lat' dir='ltr'><strong>nati,</strong></span> <span class='ocrx_word' id='word_1_63' title='bbox 234 770 318 819; x_wconf 83' lang='lat' dir='ltr'><strong>Helico</strong></span> <span class='ocrx_word' id='word_1_64' title='bbox 334 779 359 820; x_wconf 89' lang='lat' dir='ltr'><strong>et</strong></span> <span class='ocrx_word' id='word_1_65' title='bbox 369 773 469 834; x_wconf 88' lang='lat' dir='ltr'><strong>Apelles.</strong></span> <span class='ocrx_word' id='word_1_66' title='bbox 502 771 556 830; x_wconf 82' lang='lat' dir='ltr'><strong>Hic,</strong></span> <span class='ocrx_word' id='word_1_67' title='bbox 568 771 640 835; x_wconf 73' lang='lat' dir='ltr'><strong>patrii</strong></span> <span class='ocrx_word' id='word_1_68' title='bbox 650 772 724 821; x_wconf 84' lang='lat' dir='ltr'><strong>Asca·</strong></span> 
     </span>
     <span class='ocr_line' id='line_1_11' title="bbox 58 834 725 900; baseline 0.006 -19"><span class='ocrx_word' id='word_1_69' title='bbox 58 834 138 892; x_wconf 87' lang='lat' dir='ltr'><strong>lonita,</strong></span> <span class='ocrx_word' id='word_1_70' title='bbox 150 837 265 898; x_wconf 86' lang='lat' dir='ltr'><strong>stuprisae</strong></span> <span class='ocrx_word' id='word_1_71' title='bbox 277 838 370 885; x_wconf 85' lang='lat' dir='ltr'><strong>scenicis</strong></span> <span class='ocrx_word' id='word_1_72' title='bbox 377 837 451 900; x_wconf 88' lang='lat' dir='ltr'><strong>operis</strong></span> <span class='ocrx_word' id='word_1_73' title='bbox 461 837 565 885; x_wconf 78' lang='lat' dir='ltr'><strong>infamis:</strong></span> <span class='ocrx_word' id='word_1_74' title='bbox 584 838 629 893; x_wconf 84' lang='lat' dir='ltr'><strong>ille,</strong></span> <span class='ocrx_word' id='word_1_75' title='bbox 637 838 725 899; x_wconf 79' lang='lat' dir='ltr'><strong>origine</strong></span> 
     </span>
     <span class='ocr_line' id='line_1_12' title="bbox 60 899 722 966; baseline -0.002 -17"><span class='ocrx_word' id='word_1_76' title='bbox 60 899 195 963; x_wconf 69' lang='lat' dir='ltr'><strong>AEgyptius,</strong></span> <span class='ocrx_word' id='word_1_77' title='bbox 213 902 342 951; x_wconf 73' lang='lat' dir='ltr'><strong>scurrilibus</strong></span> <span class='ocrx_word' id='word_1_78' title='bbox 354 905 413 966; x_wconf 85' lang='lat' dir='ltr'><strong>jocis</strong></span> <span class='ocrx_word' id='word_1_79' title='bbox 430 910 454 949; x_wconf 90' lang='lat' dir='ltr'><strong>et</strong></span> <span class='ocrx_word' id='word_1_80' title='bbox 469 900 603 950; x_wconf 73' lang='lat' dir='ltr'><strong>veteratoriis</strong></span> <span class='ocrx_word' id='word_1_81' title='bbox 614 908 662 949; x_wconf 84' lang='lat' dir='ltr'><strong>erte</strong></span> <span class='ocrx_word' id='word_1_82' title='bbox 673 917 722 948; x_wconf 88' lang='lat' dir='ltr'><strong>sce·</strong></span> 
     </span>
     <span class='ocr_line' id='line_1_13' title="bbox 58 964 722 1030; baseline 0.002 -19"><span class='ocrx_word' id='word_1_83' title='bbox 58 964 145 1015; x_wconf 76' lang='lat' dir='ltr'><strong>lentior.</strong></span> <span class='ocrx_word' id='word_1_84' title='bbox 178 964 255 1024; x_wconf 82' lang='lat' dir='ltr'><strong>Caius.</strong></span> <span class='ocrx_word' id='word_1_85' title='bbox 266 969 354 1029; x_wconf 87' lang='lat' dir='ltr'><strong>utrique</strong></span> <span class='ocrx_word' id='word_1_86' title='bbox 370 967 517 1030; x_wconf 84' lang='lat' dir='ltr'><strong>mancipatus,</strong></span> <span class='ocrx_word' id='word_1_87' title='bbox 534 967 616 1013; x_wconf 87' lang='lat' dir='ltr'><strong>civium</strong></span> <span class='ocrx_word' id='word_1_88' title='bbox 632 966 722 1021; x_wconf 72' lang='lat' dir='ltr'><strong>minam,</strong></span> 
     </span>
     <span class='ocr_line' id='line_1_14' title="bbox 59 1029 725 1094; baseline 0.005 -16"><span class='ocrx_word' id='word_1_89' title='bbox 59 1030 125 1086; x_wconf 81' lang='lat' dir='ltr'><strong>ritas,</strong></span> <span class='ocrx_word' id='word_1_90' title='bbox 145 1029 254 1087; x_wconf 78' lang='lat' dir='ltr'><strong>fortunas,</strong></span> <span class='ocrx_word' id='word_1_91' title='bbox 271 1032 325 1080; x_wconf 80' lang='lat' dir='ltr'><strong>viiio</strong></span> <span class='ocrx_word' id='word_1_92' title='bbox 340 1034 436 1080; x_wconf 81' lang='lat' dir='ltr'><strong>bebere:</strong></span> <span class='ocrx_word' id='word_1_93' title='bbox 462 1031 625 1094; x_wconf 81' lang='lat' dir='ltr'><strong>turpitudinum</strong></span> <span class='ocrx_word' id='word_1_94' title='bbox 642 1031 725 1094; x_wconf 80' lang='lat' dir='ltr'><strong>probra</strong></span> 
     </span>
     <span class='ocr_line' id='line_1_15' title="bbox 60 1093 724 1159; baseline 0 -18"><span class='ocrx_word' id='word_1_95' title='bbox 60 1102 189 1143; x_wconf 78' lang='lat' dir='ltr'><strong>ostentare:</strong></span> <span class='ocrx_word' id='word_1_96' title='bbox 209 1097 237 1144; x_wconf 84' lang='lat' dir='ltr'><strong>nd</strong></span> <span class='ocrx_word' id='word_1_97' title='bbox 254 1098 338 1144; x_wconf 87' lang='lat' dir='ltr'><strong>scelera</strong></span> <span class='ocrx_word' id='word_1_98' title='bbox 348 1097 495 1145; x_wconf 81' lang='lat' dir='ltr'><strong>insolescere:</strong></span> <span class='ocrx_word' id='word_1_99' title='bbox 515 1111 578 1143; x_wconf 87' lang='lat' dir='ltr'><strong>sacra</strong></span> <span class='ocrx_word' id='word_1_100' title='bbox 588 1093 724 1159; x_wconf 78' lang='lat' dir='ltr'><strong>profaneque</strong></span> 
     </span>
     <span class='ocr_line' id='line_1_16' title="bbox 59 1161 724 1223; baseline -0.005 -14"><span class='ocrx_word' id='word_1_101' title='bbox 59 1175 102 1223; x_wconf 76' lang='lat' dir='ltr'><strong>pre</strong></span> <span class='ocrx_word' id='word_1_102' title='bbox 114 1161 221 1216; x_wconf 84' lang='lat' dir='ltr'><strong>arbitretu</strong></span> <span class='ocrx_word' id='word_1_103' title='bbox 235 1169 337 1216; x_wconf 82' lang='lat' dir='ltr'><strong>vertere:</strong></span> <span class='ocrx_word' id='word_1_104' title='bbox 357 1163 423 1223; x_wconf 82' lang='lat' dir='ltr'><strong>idque</strong></span> <span class='ocrx_word' id='word_1_105' title='bbox 438 1161 544 1222; x_wconf 84' lang='lat' dir='ltr'><strong>nequitiae</strong></span> <span class='ocrx_word' id='word_1_106' title='bbox 563 1174 676 1211; x_wconf 86' lang='lat' dir='ltr'><strong>summurn</strong></span> <span class='ocrx_word' id='word_1_107' title='bbox 687 1174 724 1206; x_wconf 83' lang='lat' dir='ltr'><strong>as·</strong></span> 
     </span>
     <span class='ocr_line' id='line_1_17' title="bbox 59 1223 723 1289; baseline -0.005 -17"><span class='ocrx_word' id='word_1_108' title='bbox 59 1226 131 1285; x_wconf 84' lang='lat' dir='ltr'><strong>sequi,</strong></span> <span class='ocrx_word' id='word_1_109' title='bbox 143 1233 174 1285; x_wconf 74' lang='lat' dir='ltr'><strong>ut.</strong></span> <span class='ocrx_word' id='word_1_110' title='bbox 193 1241 245 1276; x_wconf 86' lang='lat' dir='ltr'><strong>orun</strong></span> <span class='ocrx_word' id='word_1_111' title='bbox 256 1227 366 1289; x_wconf 83' lang='lat' dir='ltr'><strong>pessimus</strong></span> <span class='ocrx_word' id='word_1_112' title='bbox 384 1227 459 1274; x_wconf 85' lang='lat' dir='ltr'><strong>statim</strong></span> <span class='ocrx_word' id='word_1_113' title='bbox 478 1227 602 1280; x_wconf 76' lang='lat' dir='ltr'><strong>haberetur,</strong></span> <span class='ocrx_word' id='word_1_114' title='bbox 619 1223 683 1271; x_wconf 79' lang='lat' dir='ltr'><strong>lieret</strong></span> <span class='ocrx_word' id='word_1_115' title='bbox 699 1225 723 1277; x_wconf 83' lang='lat' dir='ltr'><strong>in</strong></span> 
     </span>
     <span class='ocr_line' id='line_1_18' title="bbox 61 1289 724 1354; baseline 0 -17"><span class='ocrx_word' id='word_1_116' title='bbox 61 1289 111 1337; x_wconf 87' lang='lat' dir='ltr'><strong>dies</strong></span> <span class='ocrx_word' id='word_1_117' title='bbox 121 1292 191 1352; x_wconf 86' lang='lat' dir='ltr'><strong>pejor.</strong></span> <span class='ocrx_word' id='word_1_118' title='bbox 219 1291 244 1339; x_wconf 85' lang='lat' dir='ltr'><strong>si</strong></span> <span class='ocrx_word' id='word_1_119' title='bbox 255 1307 312 1352; x_wconf 90' lang='lat' dir='ltr'><strong>quos</strong></span> <span class='ocrx_word' id='word_1_120' title='bbox 322 1292 416 1354; x_wconf 83' lang='lat' dir='ltr'><strong>puderet</strong></span> <span class='ocrx_word' id='word_1_121' title='bbox 427 1307 468 1346; x_wconf 77' lang='lat' dir='ltr'><strong>nes</strong></span> <span class='ocrx_word' id='word_1_122' title='bbox 477 1292 527 1338; x_wconf 85' lang='lat' dir='ltr'><strong>baeo</strong></span> <span class='ocrx_word' id='word_1_123' title='bbox 537 1291 640 1344; x_wconf 81' lang='lat' dir='ltr'><strong>seribere,</strong></span> <span class='ocrx_word' id='word_1_124' title='bbox 651 1289 724 1350; x_wconf 78' lang='lat' dir='ltr'><strong>magis</strong></span> 
     </span>
     <span class='ocr_line' id='line_1_19' title="bbox 60 1354 726 1418; baseline 0 -17"><span class='ocrx_word' id='word_1_125' title='bbox 60 1355 144 1416; x_wconf 85' lang='lat' dir='ltr'><strong>pudeat</strong></span> <span class='ocrx_word' id='word_1_126' title='bbox 155 1356 223 1405; x_wconf 78' lang='lat' dir='ltr'><strong>talem</strong></span> <span class='ocrx_word' id='word_1_127' title='bbox 234 1357 347 1411; x_wconf 74' lang='lat' dir='ltr'><strong>exstitisse</strong></span> <span class='ocrx_word' id='word_1_128' title='bbox 356 1357 486 1418; x_wconf 80' lang='lat' dir='ltr'><strong>principem,</strong></span> <span class='ocrx_word' id='word_1_129' title='bbox 497 1356 567 1404; x_wconf 81' lang='lat' dir='ltr'><strong>fuisse</strong></span> <span class='ocrx_word' id='word_1_130' title='bbox 581 1356 652 1405; x_wconf 87' lang='lat' dir='ltr'><strong>adbuc</strong></span> <span class='ocrx_word' id='word_1_131' title='bbox 664 1354 726 1403; x_wconf 86' lang='lat' dir='ltr'><strong>dcte·</strong></span> 
     </span>
     <span class='ocr_line' id='line_1_20' title="bbox 63 1418 726 1481; baseline -0.005 -16"><span class='ocrx_word' id='word_1_132' title='bbox 63 1419 151 1478; x_wconf 84' lang='lat' dir='ltr'><strong>riores;</strong></span> <span class='ocrx_word' id='word_1_133' title='bbox 167 1436 262 1481; x_wconf 88' lang='lat' dir='ltr'><strong>quorum</strong></span> <span class='ocrx_word' id='word_1_134' title='bbox 273 1421 393 1471; x_wconf 82' lang='lat' dir='ltr'><strong>sceleribus</strong></span> <span class='ocrx_word' id='word_1_135' title='bbox 403 1423 488 1473; x_wconf 79' lang='lat' dir='ltr'><strong>utinam</strong></span> <span class='ocrx_word' id='word_1_136' title='bbox 506 1422 597 1471; x_wconf 83' lang='lat' dir='ltr'><strong>historie</strong></span> <span class='ocrx_word' id='word_1_137' title='bbox 607 1435 655 1467; x_wconf 85' lang='lat' dir='ltr'><strong>eam</strong></span> <span class='ocrx_word' id='word_1_138' title='bbox 668 1418 726 1470; x_wconf 74' lang='lat' dir='ltr'><strong>insa·</strong></span> 
     </span>
     <span class='ocr_line' id='line_1_21' title="bbox 61 1484 725 1583; baseline 0.003 -52"><span class='ocrx_word' id='word_1_139' title='bbox 61 1484 132 1583; x_wconf 77' lang='lat' dir='ltr'><strong>mierp</strong></span> <span class='ocrx_word' id='word_1_140' title='bbox 149 1486 230 1542; x_wconf 73' lang='lat' dir='ltr'><strong>inurat,</strong></span> <span class='ocrx_word' id='word_1_141' title='bbox 244 1490 273 1538; x_wconf 75' lang='lat' dir='ltr'><strong>&#39;ut</strong></span> <span class='ocrx_word' id='word_1_142' title='bbox 291 1503 356 1550; x_wconf 84' lang='lat' dir='ltr'><strong>pares</strong></span> <span class='ocrx_word' id='word_1_143' title='bbox 375 1502 489 1549; x_wconf 83' lang='lat' dir='ltr'><strong>nunquam</strong></span> <span class='ocrx_word' id='word_1_144' title='bbox 511 1487 586 1535; x_wconf 82' lang='lat' dir='ltr'><strong>uideat</strong></span> <span class='ocrx_word' id='word_1_145' title='bbox 601 1493 656 1533; x_wconf 82' lang='lat' dir='ltr'><strong>aetas</strong></span> <span class='ocrx_word' id='word_1_146' title='bbox 671 1499 725 1546; x_wconf 71' lang='lat' dir='ltr'><strong>pos-</strong></span> 
     </span>
     <span class='ocr_line' id='line_1_22' title="bbox 61 1556 125 1600; baseline 0 -3"><span class='ocrx_word' id='word_1_147' title='bbox 61 1556 125 1600; x_wconf 81' lang='lat' dir='ltr'><strong>tere.</strong></span> 
     </span>
    </p>

    <p class='ocr_par' dir='ltr' id='par_1_5' title="bbox 59 1611 814 2588">
     <span class='ocr_line' id='line_1_23' title="bbox 95 1611 724 1678; baseline -0.005 -15"><span class='ocrx_word' id='word_1_148' title='bbox 95 1611 309 1676; x_wconf 71' lang='lat' dir='ltr'><strong>[Percenniorum</strong></span> <span class='ocrx_word' id='word_1_149' title='bbox 323 1613 413 1678; x_wconf 74' lang='lat' dir='ltr'><strong>empdre</strong></span> <span class='ocrx_word' id='word_1_150' title='bbox 424 1616 509 1663; x_wconf 80' lang='lat' dir='ltr'><strong>insanae</strong></span> <span class='ocrx_word' id='word_1_151' title='bbox 521 1612 678 1667; x_wconf 83' lang='lat' dir='ltr'><strong>dominationis</strong></span> <span class='ocrx_word' id='word_1_152' title='bbox 689 1615 724 1661; x_wconf 84' lang='lat' dir='ltr'><strong>vi-</strong></span> 
     </span>
     <span class='ocr_line' id='line_1_24' title="bbox 62 1678 727 1742; baseline -0.003 -15"><span class='ocrx_word' id='word_1_153' title='bbox 62 1679 103 1728; x_wconf 87' lang='lat' dir='ltr'><strong>tia·</strong></span> <span class='ocrx_word' id='word_1_154' title='bbox 136 1678 245 1742; x_wconf 78' lang='lat' dir='ltr'><strong>Princeps</strong></span> <span class='ocrx_word' id='word_1_155' title='bbox 256 1681 381 1733; x_wconf 81' lang='lat' dir='ltr'><strong>saltatoriae</strong></span> <span class='ocrx_word' id='word_1_156' title='bbox 395 1688 418 1728; x_wconf 91' lang='lat' dir='ltr'><strong>et</strong></span> <span class='ocrx_word' id='word_1_157' title='bbox 429 1681 528 1729; x_wconf 87' lang='lat' dir='ltr'><strong>scenicas</strong></span> <span class='ocrx_word' id='word_1_158' title='bbox 539 1687 606 1734; x_wconf 79' lang='lat' dir='ltr'><strong>artes,</strong></span> <span class='ocrx_word' id='word_1_159' title='bbox 616 1679 727 1742; x_wconf 77' lang='lat' dir='ltr'><strong>magistre</strong></span> 
     </span>
     <span class='ocr_line' id='line_1_25' title="bbox 60 1743 724 1809; baseline 0.003 -18"><span class='ocrx_word' id='word_1_160' title='bbox 60 1743 151 1806; x_wconf 78' lang='lat' dir='ltr'><strong>Apelle,</strong></span> <span class='ocrx_word' id='word_1_161' title='bbox 168 1745 270 1804; x_wconf 83' lang='lat' dir='ltr'><strong>edoctus,</strong></span> <span class='ocrx_word' id='word_1_162' title='bbox 288 1747 376 1809; x_wconf 80' lang='lat' dir='ltr'><strong>inperii</strong></span> <span class='ocrx_word' id='word_1_163' title='bbox 389 1746 527 1808; x_wconf 76' lang='lat' dir='ltr'><strong>majestatem</strong></span> <span class='ocrx_word' id='word_1_164' title='bbox 543 1761 569 1792; x_wconf 86' lang='lat' dir='ltr'><strong>ac</strong></span> <span class='ocrx_word' id='word_1_165' title='bbox 580 1759 646 1793; x_wconf 83' lang='lat' dir='ltr'><strong>curas</strong></span> <span class='ocrx_word' id='word_1_166' title='bbox 661 1759 724 1805; x_wconf 80' lang='lat' dir='ltr'><strong>sper-</strong></span> 
     </span>
     <span class='ocr_line' id='line_1_26' title="bbox 60 1807 724 1872; baseline 0.006 -17"><span class='ocrx_word' id='word_1_167' title='bbox 60 1810 110 1856; x_wconf 83' lang='lat' dir='ltr'><strong>nit:</strong></span> <span class='ocrx_word' id='word_1_168' title='bbox 130 1810 154 1858; x_wconf 84' lang='lat' dir='ltr'><strong>in</strong></span> <span class='ocrx_word' id='word_1_169' title='bbox 167 1812 298 1872; x_wconf 74' lang='lat' dir='ltr'><strong>spectaculis</strong></span> <span class='ocrx_word' id='word_1_170' title='bbox 312 1818 379 1866; x_wconf 84' lang='lat' dir='ltr'><strong>totus,</strong></span> <span class='ocrx_word' id='word_1_171' title='bbox 390 1811 522 1859; x_wconf 86' lang='lat' dir='ltr'><strong>lectissimas</strong></span> <span class='ocrx_word' id='word_1_172' title='bbox 535 1809 642 1859; x_wconf 78' lang='lat' dir='ltr'><strong>Afrorum</strong></span> <span class='ocrx_word' id='word_1_173' title='bbox 654 1807 724 1859; x_wconf 79' lang='lat' dir='ltr'><strong>can-</strong></span> 
     </span>
     <span class='ocr_line' id='line_1_27' title="bbox 59 1872 723 1938; baseline -0.002 -17"><span class='ocrx_word' id='word_1_174' title='bbox 59 1889 216 1936; x_wconf 84' lang='lat' dir='ltr'><strong>panorumque</strong></span> <span class='ocrx_word' id='word_1_175' title='bbox 223 1876 325 1938; x_wconf 68' lang='lat' dir='ltr'><strong>pugilum</strong></span> <span class='ocrx_word' id='word_1_176' title='bbox 333 1883 432 1927; x_wconf 78' lang='lat' dir='ltr'><strong>catervas</strong></span> <span class='ocrx_word' id='word_1_177' title='bbox 442 1875 552 1923; x_wconf 81' lang='lat' dir='ltr'><strong>advocat:</strong></span> <span class='ocrx_word' id='word_1_178' title='bbox 570 1874 630 1927; x_wconf 83' lang='lat' dir='ltr'><strong>ieras</strong></span> <span class='ocrx_word' id='word_1_179' title='bbox 641 1889 671 1921; x_wconf 82' lang='lat' dir='ltr'><strong>ex</strong></span> <span class='ocrx_word' id='word_1_180' title='bbox 682 1872 723 1920; x_wconf 88' lang='lat' dir='ltr'><strong>Li·</strong></span> 
     </span>
     <span class='ocr_line' id='line_1_28' title="bbox 60 1938 814 2004; baseline -0.001 -19"><span class='ocrx_word' id='word_1_181' title='bbox 60 1938 107 1999; x_wconf 79' lang='lat' dir='ltr'><strong>byi</strong></span> <span class='ocrx_word' id='word_1_182' title='bbox 117 1939 210 2000; x_wconf 83' lang='lat' dir='ltr'><strong>aliisque</strong></span> <span class='ocrx_word' id='word_1_183' title='bbox 226 1940 356 2003; x_wconf 76' lang='lat' dir='ltr'><strong>longinquis</strong></span> <span class='ocrx_word' id='word_1_184' title='bbox 372 1941 500 2004; x_wconf 81' lang='lat' dir='ltr'><strong>regionibus</strong></span> <span class='ocrx_word' id='word_1_185' title='bbox 514 1941 622 1992; x_wconf 80' lang='lat' dir='ltr'><strong>arcessit:</strong></span> <span class='ocrx_word' id='word_1_186' title='bbox 640 1939 665 1993; x_wconf 84' lang='lat' dir='ltr'><strong>iu</strong></span> <span class='ocrx_word' id='word_1_187' title='bbox 676 1953 724 1985; x_wconf 84' lang='lat' dir='ltr'><strong>am·</strong></span> <span class='ocrx_word' id='word_1_188' title='bbox 812 1985 814 1990; x_wconf 63' lang='grc'><strong>,</strong></span> 
     </span>
     <span class='ocr_line' id='line_1_29' title="bbox 59 2004 725 2066; baseline 0.002 -17"><span class='ocrx_word' id='word_1_189' title='bbox 59 2004 212 2065; x_wconf 82' lang='lat' dir='ltr'><strong>phitheatrum</strong></span> <span class='ocrx_word' id='word_1_190' title='bbox 223 2004 300 2061; x_wconf 84' lang='lat' dir='ltr'><strong>Tauri,</strong></span> <span class='ocrx_word' id='word_1_191' title='bbox 315 2006 339 2052; x_wconf 90' lang='lat' dir='ltr'><strong>iu</strong></span> <span class='ocrx_word' id='word_1_192' title='bbox 354 2004 453 2059; x_wconf 86' lang='lat' dir='ltr'><strong>Circum,</strong></span> <span class='ocrx_word' id='word_1_193' title='bbox 471 2006 495 2052; x_wconf 90' lang='lat' dir='ltr'><strong>in</strong></span> <span class='ocrx_word' id='word_1_194' title='bbox 507 2005 581 2066; x_wconf 65' lang='lat' dir='ltr'><strong>Septi,</strong></span> <span class='ocrx_word' id='word_1_195' title='bbox 600 2005 725 2064; x_wconf 82' lang='lat' dir='ltr'><strong>horumque</strong></span> 
     </span>
     <span class='ocr_line' id='line_1_30' title="bbox 60 2069 724 2130; baseline -0.008 -12"><span class='ocrx_word' id='word_1_196' title='bbox 60 2075 178 2130; x_wconf 80' lang='lat' dir='ltr'><strong>pertesus.</strong></span> <span class='ocrx_word' id='word_1_197' title='bbox 186 2085 213 2122; x_wconf 75' lang='lat' dir='ltr'><strong>aa</strong></span> <span class='ocrx_word' id='word_1_198' title='bbox 221 2071 333 2121; x_wconf 70' lang='lat' dir='ltr'><strong>subversis</strong></span> <span class='ocrx_word' id='word_1_199' title='bbox 343 2071 451 2125; x_wconf 84' lang='lat' dir='ltr'><strong>domibus,</strong></span> <span class='ocrx_word' id='word_1_200' title='bbox 462 2071 486 2117; x_wconf 91' lang='lat' dir='ltr'><strong>in</strong></span> <span class='ocrx_word' id='word_1_201' title='bbox 497 2069 613 2117; x_wconf 80' lang='lat' dir='ltr'><strong>subitarias</strong></span> <span class='ocrx_word' id='word_1_202' title='bbox 624 2070 724 2116; x_wconf 86' lang='lat' dir='ltr'><strong>theatro·</strong></span> 
     </span>
     <span class='ocr_line' id='line_1_31' title="bbox 62 2134 724 2199; baseline 0 -19"><span class='ocrx_word' id='word_1_203' title='bbox 62 2148 113 2181; x_wconf 88' lang='lat' dir='ltr'><strong>rum</strong></span> <span class='ocrx_word' id='word_1_204' title='bbox 125 2136 245 2192; x_wconf 86' lang='lat' dir='ltr'><strong>machinas,</strong></span> <span class='ocrx_word' id='word_1_205' title='bbox 259 2137 288 2184; x_wconf 83' lang='lat' dir='ltr'><strong>sd</strong></span> <span class='ocrx_word' id='word_1_206' title='bbox 298 2135 429 2199; x_wconf 80' lang='lat' dir='ltr'><strong>gladiatoria</strong></span> <span class='ocrx_word' id='word_1_207' title='bbox 439 2149 537 2190; x_wconf 79' lang='lat' dir='ltr'><strong>munera,</strong></span> <span class='ocrx_word' id='word_1_208' title='bbox 549 2135 577 2181; x_wconf 82' lang='lat' dir='ltr'><strong>ed</strong></span> <span class='ocrx_word' id='word_1_209' title='bbox 587 2134 724 2188; x_wconf 85' lang='lat' dir='ltr'><strong>venationes,</strong></span> 
     </span>
     <span class='ocr_line' id='line_1_32' title="bbox 61 2197 724 2262; baseline -0.005 -16"><span class='ocrx_word' id='word_1_210' title='bbox 61 2198 91 2246; x_wconf 87' lang='lat' dir='ltr'><strong>ad</strong></span> <span class='ocrx_word' id='word_1_211' title='bbox 103 2197 228 2256; x_wconf 84' lang='lat' dir='ltr'><strong>Circenses,</strong></span> <span class='ocrx_word' id='word_1_212' title='bbox 244 2202 351 2255; x_wconf 87' lang='lat' dir='ltr'><strong>scenicos,</strong></span> <span class='ocrx_word' id='word_1_213' title='bbox 371 2199 488 2262; x_wconf 81' lang='lat' dir='ltr'><strong>Trojanos¹</strong></span> <span class='ocrx_word' id='word_1_214' title='bbox 500 2199 677 2247; x_wconf 75' lang='lat' dir='ltr'><strong>naumachiarios</strong></span> <span class='ocrx_word' id='word_1_215' title='bbox 687 2198 724 2243; x_wconf 91' lang='lat' dir='ltr'><strong>lu·</strong></span> 
     </span>
     <span class='ocr_line' id='line_1_33' title="bbox 63 2260 723 2328; baseline -0.006 -15"><span class='ocrx_word' id='word_1_216' title='bbox 63 2264 112 2318; x_wconf 85' lang='lat' dir='ltr'><strong>dos,</strong></span> <span class='ocrx_word' id='word_1_217' title='bbox 123 2265 232 2326; x_wconf 84' lang='lat' dir='ltr'><strong>pensilem</strong></span> <span class='ocrx_word' id='word_1_218' title='bbox 242 2266 349 2328; x_wconf 86' lang='lat' dir='ltr'><strong>populum</strong></span> <span class='ocrx_word' id='word_1_219' title='bbox 360 2264 490 2319; x_wconf 81' lang='lat' dir='ltr'><strong>Romanum</strong></span> <span class='ocrx_word' id='word_1_220' title='bbox 505 2262 640 2321; x_wconf 75' lang='lat' dir='ltr'><strong>circumfert.</strong></span> <span class='ocrx_word' id='word_1_221' title='bbox 662 2260 723 2309; x_wconf 85' lang='lat' dir='ltr'><strong>Haec</strong></span> 
     </span>
     <span class='ocr_line' id='line_1_34' title="bbox 62 2327 726 2387; baseline 0.006 -13"><span class='ocrx_word' id='word_1_222' title='bbox 62 2329 109 2382; x_wconf 83' lang='lat' dir='ltr'><strong>diu,</strong></span> <span class='ocrx_word' id='word_1_223' title='bbox 127 2331 176 2377; x_wconf 85' lang='lat' dir='ltr'><strong>baec</strong></span> <span class='ocrx_word' id='word_1_224' title='bbox 187 2337 263 2386; x_wconf 86' lang='lat' dir='ltr'><strong>noctu,</strong></span> <span class='ocrx_word' id='word_1_225' title='bbox 279 2329 349 2387; x_wconf 88' lang='lat' dir='ltr'><strong>Urbe,</strong></span> <span class='ocrx_word' id='word_1_226' title='bbox 368 2338 478 2380; x_wconf 81' lang='lat' dir='ltr'><strong>terrarum</strong></span> <span class='ocrx_word' id='word_1_227' title='bbox 496 2330 595 2384; x_wconf 79' lang='lat' dir='ltr'><strong>victrice,</strong></span> <span class='ocrx_word' id='word_1_228' title='bbox 612 2329 641 2377; x_wconf 84' lang='lat' dir='ltr'><strong>ed</strong></span> <span class='ocrx_word' id='word_1_229' title='bbox 651 2327 726 2378; x_wconf 79' lang='lat' dir='ltr'><strong>inania</strong></span> 
     </span>
     <span class='ocr_line' id='line_1_35' title="bbox 62 2390 726 2456; baseline -0.002 -17"><span class='ocrx_word' id='word_1_230' title='bbox 62 2393 184 2445; x_wconf 85' lang='lat' dir='ltr'><strong>luminibus</strong></span> <span class='ocrx_word' id='word_1_231' title='bbox 205 2394 338 2450; x_wconf 82' lang='lat' dir='ltr'><strong>collucente,</strong></span> <span class='ocrx_word' id='word_1_232' title='bbox 362 2393 430 2448; x_wconf 85' lang='lat' dir='ltr'><strong>Circo</strong></span> <span class='ocrx_word' id='word_1_233' title='bbox 448 2395 519 2442; x_wconf 88' lang='lat' dir='ltr'><strong>minio</strong></span> <span class='ocrx_word' id='word_1_234' title='bbox 540 2401 564 2443; x_wconf 91' lang='lat' dir='ltr'><strong>et</strong></span> <span class='ocrx_word' id='word_1_235' title='bbox 585 2390 726 2456; x_wconf 73' lang='lat' dir='ltr'><strong>chrysocolla</strong></span> 
     </span>
     <span class='ocr_line' id='line_1_36' title="bbox 62 2459 724 2524; baseline -0.008 -15"><span class='ocrx_word' id='word_1_236' title='bbox 62 2465 184 2515; x_wconf 75' lang='lat' dir='ltr'><strong>concreto,</strong></span> <span class='ocrx_word' id='word_1_237' title='bbox 196 2461 350 2522; x_wconf 68' lang='lat' dir='ltr'><strong>elongantibus</strong></span> <span class='ocrx_word' id='word_1_238' title='bbox 360 2460 506 2518; x_wconf 83' lang='lat' dir='ltr'><strong>senatoribus,</strong></span> <span class='ocrx_word' id='word_1_239' title='bbox 517 2461 566 2524; x_wconf 86' lang='lat' dir='ltr'><strong>ipso</strong></span> <span class='ocrx_word' id='word_1_240' title='bbox 576 2459 676 2523; x_wconf 73' lang='lat' dir='ltr'><strong>principe</strong></span> <span class='ocrx_word' id='word_1_241' title='bbox 687 2473 724 2505; x_wconf 86' lang='lat' dir='ltr'><strong>er·</strong></span> 
     </span>
     <span class='ocr_line' id='line_1_37' title="bbox 61 2523 391 2588; baseline 0.009 -17"><span class='ocrx_word' id='word_1_242' title='bbox 61 2523 141 2586; x_wconf 71' lang='lat' dir='ltr'><strong>pectet</strong></span> <span class='ocrx_word' id='word_1_243' title='bbox 151 2526 262 2586; x_wconf 75' lang='lat' dir='ltr'><strong>pegmatis</strong></span> <span class='ocrx_word' id='word_1_244' title='bbox 273 2527 391 2588; x_wconf 76' lang='lat' dir='ltr'><strong>agitatore.</strong></span> 
     </span>
    </p>

    <p class='ocr_par' dir='ltr' id='par_1_6' title="bbox 54 2583 764 2720">
     <span class='ocr_line' id='line_1_38' title="bbox 94 2583 744 2650; baseline 0.009 -17"><span class='ocrx_word' id='word_1_245' title='bbox 94 2584 175 2649; x_wconf 82' lang='lat' dir='ltr'><strong>[Vnus</strong></span> <span class='ocrx_word' id='word_1_246' title='bbox 190 2590 279 2650; x_wconf 83' lang='lat' dir='ltr'><strong>quidem</strong></span> <span class='ocrx_word' id='word_1_247' title='bbox 297 2591 354 2647; x_wconf 82' lang='lat' dir='ltr'><strong>baec,</strong></span> <span class='ocrx_word' id='word_1_248' title='bbox 371 2591 478 2643; x_wconf 88' lang='lat' dir='ltr'><strong>nondum</strong></span> <span class='ocrx_word' id='word_1_249' title='bbox 488 2587 684 2646; x_wconf 41' lang='lat' dir='ltr'><strong>trecentulam&amp;</strong></span> <span class='ocrx_word' id='word_1_250' title='bbox 698 2583 744 2632; x_wconf 49' lang='lat' dir='ltr'><strong>b&amp;</strong></span> 
     </span>
     <span class='ocr_line' id='line_1_39' title="bbox 54 2647 764 2720; baseline -0.013 -2"><span class='ocrx_word' id='word_1_251' title='bbox 54 2650 119 2701; x_wconf 58' lang='lat' dir='ltr'><strong>&#39;m&#39;</strong></span> <span class='ocrx_word' id='word_1_252' title='bbox 124 2660 217 2717; x_wconf 63' lang='lat' dir='ltr'><strong>mmm</strong></span> <span class='ocrx_word' id='word_1_253' title='bbox 228 2656 362 2715; x_wconf 79' lang='lat' dir='ltr'><strong>adulatione</strong></span> <span class='ocrx_word' id='word_1_254' title='bbox 379 2660 408 2715; x_wconf 85' lang='lat' dir='ltr'><strong>iu</strong></span> <span class='ocrx_word' id='word_1_255' title='bbox 419 2659 556 2720; x_wconf 62' lang='lat' dir='ltr'><strong>licentram.</strong></span> <span class='ocrx_word' id='word_1_256' title='bbox 572 2651 660 2720; x_wconf 66' lang='lat' dir='ltr'><strong>populu</strong></span> <span class='ocrx_word' id='word_1_257' title='bbox 671 2647 764 2710; x_wconf 48' lang='lat' dir='ltr'><strong>alim*</strong></span> 
     </span>
    </p>
   </div>
   <div class='ocr_carea' id='block_1_4' title="bbox 0 0 846 2910">
    <p class='ocr_par' dir='ltr' id='par_1_7' title="bbox 0 0 846 2910">
     <span class='ocr_line' id='line_1_40' title="bbox 0 0 846 2910; baseline 0 0"><span class='ocrx_word' id='word_1_258' title='bbox 0 0 846 2910; x_wconf 95' lang='lat' dir='ltr'><strong> </strong></span> 
     </span>
    </p>
   </div>
  </div>
 </body>
</html>
