1680 2910
138 134 170 182 ⁷4
218 128 411 180 ANNALHJM
428 128 651 182 Lunensi.
690 134 804 181 uon:

136 262 261 312 Annenios
277 263 397 310 instantior
415 276 469 309 eum
486 261 536 310 suit.
568 262 685 325 Ambigua
700 279 801 326 genneo

136 329 259 388 antiquitus
273 328 389 374 hominum
409 327 507 388 ingeniis
523 333 547 374 et
558 328 603 374 situ
613 335 731 384 terrerum,
748 345 799 390 qum

136 394 219 440 nostris
230 393 351 453 provinciis
369 392 413 438 late
432 399 548 454 praetenta,
567 394 656 454 penitus
675 393 704 440 ud
715 393 800 441 Medos

133 458 273 520 porrigitur:
290 457 437 517 maximisque
446 457 671 520 imperiisinterjecti,
682 460 800 522 stemnius

134 523 248 569 discordes
267 530 325 576 sunt,
344 522 451 569 adrasus
466 521 584 570 &munos
600 523 652 569 odio
671 530 695 570 et
705 524 729 571 iu
741 523 799 571 Pst-

134 589 199 634 thum
211 585 300 633 invidie.
328 585 418 648 Regem
428 585 468 632 illi
478 594 610 649 tempestate
620 602 667 634 uon
678 588 797 646 habebant,

134 659 211 699 amoto
225 651 333 698 Vonone:
353 652 392 699 sed
401 650 467 698 favor
478 653 575 698 nationis
585 652 740 703 inciinnhenin
751 653 796 700 Ze·

134 731 224 772 nonem,
234 715 364 763 Polemonis
374 717 435 777 regis
449 715 538 763 Pontici
548 715 626 772 filium,
637 717 698 778 quod
707 717 734 772 is,
750 719 796 781 pri·

134 779 173 828 mi
192 782 219 828 ab
237 780 338 836 iniuntii,
360 780 462 828 instituta
483 788 508 827 et
528 782 613 828 cultum
634 782 795 830 Armeniorum

133 846 260 900 aemulatus,
278 851 368 899 renutu,
386 846 463 908 epuiis,
483 853 506 892 et
523 861 574 906 quae
584 847 629 893 aiis
638 846 725 894 barbari
736 849 795 895 cele·

131 912 204 964 brant,
221 925 325 972 proceres
336 910 468 971 plebemque
479 911 547 972 Juxta
557 911 696 958 devinxerat.
721 910 798 975 Igitur

133 976 284 1024 Germanicus
295 976 319 1020 in
331 975 390 1022 urbe
400 973 516 1030 Artaxatis,
533 976 704 1038 approbantibus
715 977 796 1024 nobili·

130 1041 181 1097 bus,
198 1036 334 1086 circumfusi
351 1039 500 1095 multitudine,
517 1040 607 1102 insigne
623 1041 710 1103 regium
730 1039 798 1104 ospiti

132 1108 181 1169 ejus
192 1105 308 1168 imposuit:
330 1105 406 1151 caeteri
422 1111 556 1152 venerantes
572 1120 657 1167 regern,
674 1106 794 1155 Artaxian

33 1220 40 1233 ‚
132 1167 317 1226 consalutavere3
334 1169 395 1230 quod
415 1169 448 1215 illi
470 1170 603 1216 vocobulum
620 1169 747 1217 indiderent
765 1186 795 1218 ex

131 1237 223 1285 nomine
233 1235 301 1281 urbis.
324 1234 358 1280 A:
369 1231 520 1296 Cappadoces,
531 1235 554 1281 in
564 1233 660 1282 formum
672 1236 795 1296 prouinciae

131 1301 221 1354 redacti,
242 1298 276 1352 Q„
286 1297 410 1346 Veranium
429 1300 529 1361 legatum
547 1297 670 1362 accepire:
687 1307 711 1346 et
728 1315 794 1361 quae·

131 1367 182 1413 dam
194 1379 223 1410 ex
240 1363 309 1426 regiis
318 1364 406 1410 tributis
423 1364 544 1419 deminuto,
562 1379 606 1424 quo
617 1365 694 1411 mitius
704 1363 793 1412 Romu·

130 1446 185 1477 num
207 1428 324 1492 imperium
346 1437 477 1490 operaretur.
509 1427 671 1492 Commagenis
693 1428 726 1484 Q,
739 1430 793 1477 Ser·

130 1510 194 1542 vaeus
216 1493 360 1556 praeponitur,
389 1500 437 1541 tum
458 1495 555 1556 primum
577 1495 606 1541 sd
628 1497 668 1557 jus
688 1496 793 1558 ptaetoris

128 1559 249 1607 translatis.

163 1621 245 1670 LVII.
257 1620 391 1683 Cunctaque
398 1623 487 1670 socialia
494 1638 600 1686 prospere
610 1624 735 1686 compositu
744 1639 793 1672 uon

129 1690 181 1736 ideo
200 1689 278 1734 laetum
301 1687 462 1735 Germanicum
484 1689 599 1740 hebebant,
622 1689 651 1735 ob
666 1690 792 1752 superbiam

130 1751 228 1808 Pisonis,
246 1753 291 1814 qui,
303 1753 382 1815 jussus
398 1759 483 1814 partem
500 1753 615 1815 legionum
633 1754 681 1815 ipse
697 1761 737 1801 sut
752 1770 793 1817 per

129 1817 199 1865 filium
216 1818 239 1864 in
258 1817 388 1864 Armeniam
408 1819 494 1870 (irruere¹
514 1826 634 1878 utrumque
652 1819 791 1880 neglexerat,

130 1882 197 1945 Cyrri
209 1883 306 1936 demum,
318 1882 376 1946 apud
386 1882 477 1928 hiberna
488 1883 581 1929 decimae
591 1883 693 1944 legionis,
705 1899 790 1932 conve·

128 1947 188 2004 nire,
200 1947 288 1995 finnsto
299 1947 370 2000 vultu,
380 1945 434 1993 Piso
444 1948 551 1994 adversus
561 1954 655 2004 metum,
668 1947 790 1996 Germani·

128 2030 174 2069 cus,
194 2029 224 2060 ne
241 2012 321 2059 minari
338 2011 477 2058 crederetur:
497 2019 520 2058 et
538 2018 593 2066 erat,
611 2019 637 2058 ut
654 2012 726 2069 retuli,
744 2014 789 2061 cle·

127 2080 239 2125 mentior:
259 2077 298 2124 sed
312 2077 385 2130 amici,
401 2077 547 2123 accendendis
557 2077 717 2125 offensionibus
728 2079 791 2126 ouili-¹

126 2143 155 2195 di,
168 2144 283 2190 intendere
293 2157 352 2194 veru,
364 2156 472 2204 aggerem
482 2141 544 2196 sulse,
556 2142 674 2203 ipsumque
683 2149 707 2188 et
719 2141 789 2191 Plan·

126 2209 200 2254 cinam
222 2215 245 2253 et
267 2206 324 2252 filios
346 2206 413 2252 variis
432 2207 504 2252 modis
523 2206 649 2253 criminari:
666 2214 789 2268 postremo,

125 2273 202 2334 paucis
212 2271 352 2318 familiarium
362 2271 470 2327 adhibitis,
481 2286 555 2318 sermo
566 2280 654 2334 coeptus
665 2270 788 2331 aCaesare,

125 2338 213 2398 qualem
233 2337 265 2382 ira
282 2347 305 2381 et
316 2334 462 2382 dissimulatio
472 2337 560 2398 gignit:
579 2351 711 2397 responsum
723 2353 736 2383 n
748 2337 788 2385 Pi·

124 2401 789 2526 {iiiiiiiii&iiiiiitsitti‘ittiit‘ii

189 2499 195 2511 ⁰
733 2500 739 2522 r
782 2501 788 2523 r

118 2534 141 2580 si
151 2531 243 2593 quando
253 2530 368 2588 assideret,
386 2537 451 2577 atrox
469 2546 495 2577 ao
514 2531 632 2577 dissentire
648 2531 788 2582 manifestus

114 2597 170 2648 Vox
180 2614 275 2661 quoque
285 2599 335 2664 ejus
352 2597 431 2647 auditu
445 2597 521 2647 estin
537 2597 651 2651 conuiuio,
669 2612 722 2643 cum
730 2600 791 2660 eund

95 2677 183 2729 regem
194 2665 372 2720 Nabntaeorum
393 2683 493 2720 coronae
513 2678 592 2715 aureae
605 2661 806 2724 mugnommere
