1680 2910
67 155 87 193 J·
98 156 122 195 G·
134 160 166 203 39.
224 155 277 203 L1r.
289 154 573 205 v111.ANNAL1UM.
685 159 732 201 243

65 285 120 339 lum,
132 285 192 347 quod
199 287 303 350 princeps
313 295 449 335 secretarum
459 287 576 334 libidinum
587 286 696 335 societate
703 286 732 332 iia

66 350 171 400 innam.
189 352 277 414 Atperi
286 351 394 400 felicitate
404 351 489 400 aduris
499 351 593 400 mariba
601 349 733 408 innotudm

66 417 216 480 punitumque
233 417 307 465 scelus
320 418 388 464 simul
402 433 429 465 ac
440 424 597 465 monstratum.
630 415 732 480 lapibus

66 489 147 538 morte,
158 480 221 531 June
231 489 255 530 et
265 482 393 545 Agrippina
402 483 482 530 exsilio
492 480 601 530 mulmta'e
635 479 696 531 cum
707 481 732 527 in

67 544 162 594 Pontias
179 549 264 596 insudas
280 547 457 609 deportarentur,
469 551 534 611 Jussa
552 556 588 594 est
605 546 733 612 Agrippina

65 626 119 723 gressa
130 611 218 676 Lepidi,
233 614 258 659 in
269 611 326 660 arud
335 614 432 666 condite,
450 612 548 660 Rumam
558 629 630 676 usque
644 615 668 660 in
680 613 732 659 sinu

105 692 162 724 erre.

99 737 164 805 [Nec
182 741 210 789 iis
228 744 291 789 stetit
308 743 416 806 princeps,
437 741 543 790 vindictae
560 748 631 794 atrox.
653 742 732 803 auinaue

66 807 183 869 sanguinis
191 808 337 870 ignominiam
348 823 426 870 perum
437 808 529 854 veritus.
562 804 731 868 conjurationis

65 871 221 935 chitograpba,
237 871 315 919 fraude
329 888 355 919 ac
370 880 447 934 stupro
459 872 570 933 requisita,
587 871 728 932 divulgavit:

65 936 200 998 scriptisque
214 937 242 983 ud
256 944 359 984 senatum
369 938 447 992 literis,
465 951 567 983 sororum
583 950 674 982 suarum
685 936 729 982 lm·

63 999 172 1061 pietatem
183 1016 210 1048 ac
220 1002 322 1049 libidines
337 1018 382 1049 non
393 1003 461 1049 modo
471 1002 545 1064 palam
556 1000 676 1054 accusavit.
688 1000 729 1047 sed

64 1063 141 1121 etiam,
153 1080 183 1114 ne
192 1066 283 1114 sceleris
293 1067 401 1114 memorla
411 1067 499 1129 periret,
511 1067 573 1114 misit
586 1072 632 1112 tres
643 1065 730 1128 gladius

64 1128 89 1176 ln
98 1145 177 1178 necem
185 1145 248 1178 suam
256 1133 400 1194 preparatus,
411 1147 468 1192 quos
476 1132 578 1186 suerent,
587 1136 610 1178 et
617 1129 732 1191 inscripsit

65 1191 139 1242 Marti
147 1193 231 1243 Ultori.
242 1195 323 1243 Vetuit
328 1211 418 1258 quoque
424 1211 454 1244 ne
462 1196 490 1244 de
497 1197 628 1260 cujusquam
637 1208 729 1242 suorum

64 1261 380 1382 {bsslllllllllfll
390 1256 731 1388 ltilldttiilriss

64 1392 141 1436 truum
153 1404 218 1437 suum
227 1387 348 1438 Claudium
356 1391 380 1439 iu
388 1390 502 1446 Rhenum,
514 1390 572 1438 sicut
581 1389 677 1438 vestitus
688 1388 729 1436 ad·

64 1461 165 1510 venerat,
182 1455 231 1517 eJ'us
241 1455 307 1518 jussu
323 1455 394 1504 luisse
407 1456 578 1519 praeclpitatum,
594 1454 654 1518 quod
668 1467 728 1511 eum,

64 1519 128 1578 quasi
139 1519 167 1566 ad
178 1520 302 1581 regendum
312 1506 413 1583 puerum,
425 1536 472 1568 non
482 1521 511 1567 ad
520 1520 679 1584 gratulandum
691 1532 729 1566 sa·

63 1586 144 1642 lutem,
156 1599 170 1631 a
181 1591 259 1631 senatu
269 1585 364 1632 missum
374 1584 511 1633 infremeret.
543 1584 656 1632 Militibus
664 1597 729 1643 veros

64 1656 179 1710 tamquam
190 1650 266 1696 hostes
277 1650 402 1705 devicisset,
420 1649 551 1698 donativum
565 1649 634 1696 dedit
665 1646 730 1696 Inter

64 1714 131 1777 hujus
143 1714 195 1760 euni
206 1713 272 1770 ioede,
284 1721 336 1777 post
344 1714 426 1762 Lolliae
433 1714 558 1772 discidium,
570 1715 637 1761 ducta
645 1714 727 1777 aprin-

63 1780 115 1843 cipe
125 1793 183 1825 uxor
195 1776 307 1835 Caescnia,
315 1795 389 1840 neque
397 1779 453 1827 secde
464 1780 565 1842 ludgnis,
577 1793 650 1840 neque
661 1785 729 1826 [etate

62 1845 170 1956 {ritu
178 1843 645 1963 trrltrmllrrelerrtr
655 1845 729 1955 iri

64 1987 139 2022 rorem
151 1973 270 2035 impulerit.
302 1975 337 2021 At
347 1974 440 2021 inditam
452 1971 532 2021 naturd
541 1974 658 2028 insanum,
670 1974 728 2020 duo·

62 2037 728 2166 {lluzlltl2¹ltrlllllllffilllld

62 2168 86 2213 in
98 2167 174 2215 animo
184 2174 208 2214 et
218 2167 345 2215 libidinibus
355 2168 456 2216 Neronis
467 2169 559 2224 validus,
571 2170 614 2215 hoc
626 2182 686 2214 anno
697 2167 728 2214 ob

64 2232 198 2280 adulterium
211 2232 344 2294 Agrippinae
355 2234 378 2279 in
390 2235 493 2280 exsilium
504 2242 568 2281 actus
578 2239 620 2280 est.

96 2293 189 2360 [Caius,
203 2298 294 2343 tertium
308 2299 394 2354 cousrrl,
406 2299 467 2346 solus
479 2299 564 2360 megis-
599 2329 624 2377 υ
631 2326 654 2378 c
671 2330 718 2378 793

62 2367 147 2407 tratum
165 2360 273 2423 Lugduni
288 2363 352 2420 initu
369 2379 425 2418 non,
440 2371 466 2410 ut
476 2364 565 2424 quidum
597 2361 699 2444 γεω
719 2359 727 2376 '

60 2423 161 2480 voluere,
172 2426 232 2472 soliti
242 2425 464 2490 sactaprincipurnin
472 2443 566 2491 pravum
615 2428 621 2442 ¹
701 2425 708 2440 ⁸

61 2491 209 2552 interpretari,
222 2491 324 2553 superbiit
334 2491 506 2556 negligentidve
519 2492 626 2554 sedquod
634 2490 728 2539 defunc·

61 2562 111 2602 tum
129 2555 170 2602 sub
181 2553 332 2604 Calendarum
350 2558 409 2604 diem
418 2558 531 2621 collegam
537 2557 734 2604 absenabaxxdre·

56 2617 144 2667 scisset
176 2621 277 2669 AnImos
287 2638 344 2671 vero
355 2629 437 2672 tantus
448 2623 564 2689 urinclnla
571 2617 758 2680 metuebam}

48 2684 181 2742 incesserat,
196 2697 221 2735 ut
230 2697 359 2753 praetores,
369 2708 448 2759 penes
457 2706 524 2756 quos
535 2697 594 2738 tum
603 2682 776 2732 eranum*
