1680 2910
56 135 155 178 J.c.20.
206 132 642 184 ANNAL1UML12111AEaals.
693 136 722 180 97

56 271 147 327 tempus
157 267 182 313 in
188 265 252 314 Urbe
262 268 346 328 egerit5
358 265 395 313 M.
404 264 459 312 Piso
471 275 571 328 repetere
582 265 671 324 Syriam
683 264 722 310 de·

58 330 162 378 bortatur
172 337 221 378 ectr
240 339 307 392 atque
324 332 410 378 utinam
426 346 470 392 ego
486 332 561 392 potius
577 328 623 376 filio
635 328 724 390 juveni,

57 410 125 456 quam
141 395 182 442 ille
196 397 254 457 patri
265 396 313 443 rani
323 395 441 443 cessisset!
459 412 486 442 eo
503 395 626 457 impensius
636 408 723 455 precor,

56 474 86 509 tte
98 475 159 509 nacae
172 461 289 523 pravitatis
298 475 378 522 poenas
393 460 500 507 innoxius
513 460 567 507 luat.
599 457 645 506 Per
655 459 722 519 quln-

56 532 131 586 queet
139 525 403 587 quadragintaannorum
410 525 549 586 obsequium,
554 540 594 586 per
601 524 723 586 collegium

56 590 188 637 consulatrls
206 591 320 651 quondam
336 589 490 652 D.Augusto,
507 590 593 651 parenti
611 596 657 642 tuo,
668 603 722 650 pro·

58 655 131 709 batus,
141 662 166 701 et
176 654 216 701 tibi
226 656 319 708 aroicua,
336 669 377 701 nec
392 655 512 716 quidquam
528 661 580 715 post
594 654 643 700 haec
654 668 722 714 roga·

56 727 132 831 m
139 720 236 767 substent
243 718 339 767 infelicis
348 717 389 766 lilii
400 718 480 782 rogo.‘’
498 717 537 765 De
549 716 659 765 Plancind
667 716 723 765 nihil

89 846 176 895 XVII.
194 848 252 897 Post
267 864 319 910 quae
328 846 432 896 Tiberius
448 849 612 896 adolescentem
628 846 722 893 crimine

57 914 131 961 civilis
139 914 316 976 bellipurgavit:
335 915 404 976 patris
414 914 613 976 quippejussanec
621 912 721 974 potuisse

56 976 129 1025 lilium
148 979 285 1026 detrectare:
305 979 373 1025 simul
393 979 530 1027 nobilitatem
547 978 633 1031 domlls,
652 976 720 1023 etiam

56 1042 134 1104 ipsius,
145 1059 237 1104 quoquo
255 1044 322 1091 modo
338 1043 418 1099 meriti,
435 1058 529 1105 gravem
541 1058 617 1090 casum
629 1042 720 1088 misera·

58 1115 102 1155 tus.
137 1106 184 1156 Pro
196 1106 306 1156 Plancind
315 1124 368 1156 cum
381 1109 468 1171 pudore
478 1115 501 1154 et
512 1106 599 1169 flagitio
609 1106 720 1161 disseruit,

58 1172 138 1221 matris
151 1189 231 1235 preces
247 1173 385 1221 obtendens:
405 1175 428 1221 in
445 1188 512 1234 quam
524 1172 601 1234 optimi
613 1173 721 1234 cujusque

56 1237 138 1284 recreti
148 1246 242 1299 questus
253 1239 326 1300 magis
336 1240 493 1286 ardescebant:
515 1235 543 1284 Id
549 1252 605 1299 ergo
613 1235 647 1283 sas
655 1236 719 1290 aviae,

56 1301 230 1351 interfectricem
242 1305 337 1366 nepotis
347 1304 466 1366 adspicere,
483 1303 573 1364 alloqui,
588 1302 673 1364 eripere
681 1316 720 1354 se-

57 1368 134 1423 natui?
151 1368 212 1430 quod
230 1383 272 1430 pro
288 1369 391 1417 omnibus
410 1369 495 1416 civibus
517 1368 581 1429 leges
598 1367 719 1421 obtineant,

57 1434 96 1481 uui
108 1433 247 1482 Germamco
263 1449 309 1481 oon
325 1433 461 1496 contigisse!
496 1432 582 1479 Vitellii
593 1439 616 1479 et
628 1429 720 1478 Veranii

56 1514 114 1546 voce
125 1497 233 1545 defletum
250 1496 381 1556 Caesarem3
399 1499 426 1546 ab
437 1500 570 1560 imperatore
580 1504 603 1543 et
614 1492 721 1558 Augusti

55 1562 171 1611 defensam
184 1561 329 1611 Plancinam!
346 1564 439 1625 perinde
455 1577 547 1617 venena,
563 1569 586 1608 et
602 1569 720 1613 arrestum

55 1627 151 1705 feliciter
162 1636 273 1690 expertas,
285 1635 383 1676 verteret
397 1629 422 1675 in
437 1628 594 1690 Agrippinam,
606 1628 629 1672 in
639 1627 722 1672 liberos

56 1708 389 1834 ttitttttlttttt
405 1700 720 1832 littttfftttttt:

45 1820 721 1941 ‹toepttlt'ttttlttsstttttfflltltt‘lllit

58 1960 118 1999 tores
126 1968 154 1999 ac
161 1961 231 2000 testes
242 1955 343 2000 certatim
351 1960 486 2015 perorarent,
497 1949 721 2013 respondentenullo,

58 2018 180 2070 miseratio,
200 2033 267 2078 quam
282 2019 372 2073 insidia,
394 2018 525 2080 augebatur.
559 2014 649 2061 PrImus
668 2028 721 2061 sen·

58 2082 151 2129 tentiam
168 2091 263 2144 rogatus
279 2082 386 2129 Aurelius
404 2080 480 2136 Cotta,
499 2080 585 2133 consul,
603 2081 673 2142 (nam,
686 2093 722 2124 re·

57 2145 144 2194 serente
156 2144 256 2201 Caesare,
263 2149 408 2210 magistratus
418 2163 445 2194 eo
456 2147 523 2193 etiam
535 2159 628 2191 munere
638 2143 722 2204 funge-

57 2209 149 2272 bantur)
158 2227 241 2258 nomeu
250 2212 340 2260 Pisonis
348 2213 469 2259 radendum
477 2210 547 2264 lastis,
554 2209 721 2270 censuitapar-

57 2282 103 2322 tem
114 2277 225 2323 bonorum
241 2278 411 2338 publicandamr
430 2291 482 2338 pars
493 2284 518 2322 ut
529 2274 573 2323 Cn.
581 2274 658 2321 Pisoni
675 2272 722 2320 filio

58 2341 226 2396 concederetur,
246 2343 310 2402 isque
328 2357 457 2403 praenomeu
480 2348 590 2389 mutaret:
613 2339 648 2385 M.
658 2338 721 2395 Piso,

58 2404 127 2453 exuta
145 2406 263 2468 dignitate,
274 2415 298 2453 et
309 2414 400 2469 accepto
411 2406 560 2466 quinquagies
574 2404 682 2459 sestertio,
696 2406 721 2450 in

59 2470 137 2518 decem
147 2486 220 2518 annos
236 2471 380 2532 relegaretur,
391 2467 498 2518 concessit
506 2468 622 2516 Plancinae
633 2469 720 2515 incolu-

59 2536 144 2588 oritate.
156 2536 186 2581 ob
197 2551 274 2597 preces
286 2538 408 2600 Augurtae.

88 2597 188 2648 XVIII.
204 2600 285 2650 Multa
304 2618 335 2651 ex
352 2602 381 2653 ed
398 2601 517 2663 cernendi
532 2601 648 2664 mitigata
659 2601 722 2644 sunt
733 2607 753 2637 a

42 2663 160 2778 stiffi:
173 2681 204 2716 uc
211 2683 302 2721 nomen
309 2669 412 2726 Pisonis
419 2673 489 2726 lastis
497 2672 659 2723 emmeram
668 2656 768 2725 *blm

540 2754 565 2789 a
