1680 2910
90 152 142 199 ³10
173 141 621 198 ANNALIUMLmX1.Cm.1a.
648 148 769 194 nomos.

91 287 149 337 tum,
169 281 262 328 rudibus
281 280 354 327 adhuc
374 278 511 326 Graecorum
532 277 623 340 populis
641 279 698 325 artis
719 279 769 341 ejus

36 370 38 374 v
91 353 207 394 auctorem
218 345 296 394 fuisse.
329 344 429 399 Quidam
447 341 574 405 Cecropem
591 343 766 400 Atheniensem,

91 413 130 460 vel
141 410 227 458 Linum
236 409 377 464 Thebanum,
389 417 412 456 et
423 409 562 471 temporibus
576 407 685 472 Trojanis
697 408 768 457 Pala·

90 477 188 532 medem,
212 475 335 538 Argivum,
355 482 488 528 memorant,
510 474 624 521 sexdecim
647 474 765 522 literarum

90 541 192 599 formas;
209 555 265 587 mox
282 541 344 597 alios,
363 556 389 588 ac
400 541 540 602 praecipuum
553 540 703 596 Simonidem,
720 557 766 588 cas·

90 615 152 655 teras
166 607 283 669 reperisse.
316 607 350 654 At
360 606 385 653 in
405 604 472 652 Italid
488 603 583 652 Etrusci
602 607 631 652 ab
642 603 766 654 Corinthio

90 671 226 728 Demarato,
244 671 383 734 Aborigines
400 671 492 719 Arcade
508 671 536 717 ab
553 669 665 718 Evandro
680 673 767 719 didice-

90 744 159 784 runt:
179 745 203 785 et
217 737 371 785 formalitatis
382 736 478 789 Latinis,
491 751 543 796 quae
553 738 683 784 veterrimis
696 739 765 785 Grae·

44 799 48 809 “
90 818 178 850 corum.
212 803 258 850 Sed
277 804 343 850 nobis
358 818 449 863 quoque
466 817 544 864 paucas
563 803 663 863 primurn
681 801 764 850 sueres

90 868 172 915 deinde
183 869 266 917 additae
277 875 337 916 sunt.
371 868 426 922 Quo
437 867 543 928 exemplo
555 865 666 915 Claudius
678 875 725 914 tres
736 869 765 914 li·

90 940 151 980 teras
162 935 251 997 adjecit,
271 950 323 996 quas
334 934 391 988 usui,
406 934 549 995 imperitante
563 949 599 985 eo,
616 941 671 994 post
683 934 765 981 oblite·

90 1005 153 1054 ratae,
165 999 318 1062 adspiciuntur
329 1001 397 1047 etiam
409 999 502 1046 nuncin
511 1012 557 1044 aere
562 998 705 1060 publicandis
715 999 764 1062 ple-

90 1065 202 1112 bis—scitis
214 1081 255 1127 per
264 1065 315 1112 fora
325 1080 351 1112 ac
362 1066 447 1126 templa
457 1062 511 1110 lixo.

124 1129 183 1177 XV.
200 1129 290 1178 Retulit
308 1131 388 1178 deinde
406 1131 434 1176 ad
451 1138 562 1182 senatum,
580 1144 648 1190 super
664 1130 765 1192 collegio

90 1195 241 1257 haruspicum,
250 1212 280 1243 ne
289 1196 443 1244 vetustissima
455 1193 530 1241 Italiae
541 1194 659 1256 disciplina
670 1212 711 1257 per
722 1197 764 1242 de·

90 1260 169 1306 sidiam
181 1261 335 1309 exolesceret:
355 1277 416 1323 saepe
434 1260 534 1308 adversis
550 1260 604 1321 reip.
622 1262 764 1323 temporibus

90 1326 181 1382 accitos,
204 1342 300 1388 quorum
318 1329 407 1374 monitu
427 1326 591 1387 redintegratas
610 1327 763 1383 caerimouiss,

90 1391 148 1437 etin
159 1399 275 1454 posterum
293 1394 377 1440 rectius
395 1393 494 1438 habitas:
514 1390 670 1452 primoresque
688 1392 762 1439 Etru·

89 1456 130 1502 riae
142 1465 228 1518 sponte,
247 1465 287 1505 aut
304 1467 394 1521 patrum
410 1457 567 1504 Romanorum
588 1456 694 1518 impulsu,
706 1459 763 1504 reti-

89 1522 167 1568 nuisse
184 1524 308 1580 scientiam,
328 1526 391 1571 etin
409 1522 506 1570 familias
526 1520 679 1583 propagasse:
700 1524 764 1583 quod

45 1591 47 1595 '
89 1600 150 1633 nunc
162 1589 255 1649 segnius
265 1589 320 1644 fleri,
329 1587 419 1648 publicis
429 1589 489 1634 circa
499 1588 570 1633 bonas
579 1596 638 1633 artes
648 1586 762 1644 socordid,

89 1658 114 1698 et
124 1653 177 1712 quia
187 1661 289 1700 externae
299 1655 470 1715 superstitiones
477 1653 600 1709 valescunt,
610 1661 633 1698 et
644 1654 698 1700 laeta
710 1657 762 1715 qui·

89 1716 141 1763 dem
159 1719 182 1763 in
200 1734 301 1778 praesens
319 1720 410 1776 omnia3
429 1718 468 1764 sed
478 1718 613 1779 benignitati
625 1719 694 1764 deum
706 1735 761 1781 gra·

88 1782 143 1828 tiam
157 1782 303 1838 referendam,
322 1798 352 1830 ne
366 1785 422 1830 ritus
437 1798 560 1837 sacrorum,
575 1785 635 1830 inter
653 1787 762 1847 ambigua

88 1847 149 1900 culti,
173 1863 213 1912 per
231 1865 338 1911 prospera
355 1849 533 1896 obliterarentur.
567 1848 663 1895 Factum
685 1865 714 1896 ex
732 1866 761 1897 eo

88 1910 151 1961 s.C.
166 1915 269 1960 viderent
286 1914 410 1976 pontifices,
430 1929 482 1975 quae
500 1915 617 1960 retinenda
636 1914 761 1963 firmanda·

87 1992 133 2038 que
144 1979 295 2041 haruspicum.

120 2042 193 2089 XVI.
209 2045 299 2093 Eodem
323 2061 382 2092 anno
406 2042 574 2092 Cheruscorum
596 2060 654 2106 gens
679 2061 759 2106 regem

86 2106 166 2155 Romi
173 2112 260 2171 petivit,
274 2112 361 2157 amissis
372 2127 413 2171 per
424 2112 512 2156 interna
523 2111 580 2155 bella
597 2111 715 2165 nobilibus,
735 2119 760 2157 et

87 2189 133 2220 uno
146 2175 232 2235 reliquo
244 2178 319 2237 stirpis
331 2177 409 2238 regias,
428 2177 466 2236 qui
483 2176 541 2236 apud
561 2175 648 2221 Urbem
660 2177 759 2222 babeba-

86 2244 130 2294 tur,
147 2242 239 2286 nomine
251 2240 352 2288 Italicus.
386 2241 509 2287 Paternum
522 2241 574 2285 huic
585 2256 660 2301 genus
675 2258 688 2287 e
701 2241 759 2288 Fla-

85 2304 130 2358 vio,
149 2304 218 2352 fratre
233 2307 339 2361 Arminii,
359 2314 431 2352 mater
449 2321 478 2352 ex
496 2304 638 2358 Catturncro,
654 2307 759 2367 principe

86 2365 207 2416 Cattorum
219 2380 282 2418 erat:
302 2373 351 2433 ipse
361 2371 435 2418 formis
449 2372 552 2426 decorus,
564 2378 588 2416 et
600 2371 668 2416 armis
680 2373 759 2432 equis-

85 2449 135 2493 que,
148 2436 171 2479 in
179 2438 277 2496 patrium
290 2444 436 2497 nostrumque
445 2452 538 2489 morem,
550 2437 670 2481 exercitus.
706 2435 758 2498 lgi-

85 2507 123 2545 tur
136 2498 314 2548 Caesarauctum
328 2501 429 2564 pecuniis,
442 2502 521 2548 additis
537 2502 688 2561 stipatoribus,
701 2503 758 2550 bor·

78 2572 142 2614 tatur
157 2569 248 2633 gentile
266 2570 337 2618 decus
348 2576 434 2630 magno
445 2569 521 2613 adamo
532 2581 654 2624 capessere,
686 2565 757 2614 Illum

70 2635 190 2698 primum,
200 2638 292 2688 Romae
303 2647 392 2691 ortum,
411 2651 455 2681 nec
467 2632 580 2680 obsidem,
589 2628 723 2678 schamem,
731 2631 775 2672 'xrs

63 2711 198 2757 externum
218 2709 253 2758 ad
264 2707 406 2774 imperinm.
444 2701 482 2747 hc
492 2688 791 2760 primotntusssexmams
