1680 2910
116 174 165 219 114
195 165 386 218 ANNALIUM
403 163 512 214 Luam
525 164 633 216 crass.
658 169 781 218 [nutis.

117 301 160 347 bus
179 299 289 346 assensit:
315 299 389 346 caeteri
409 299 542 344 sententiaro
565 297 675 360 Agrippae
693 299 797 355 secuti;¹

120 367 244 426 ductusque
254 364 277 410 in
288 379 398 411 carcerem
408 363 506 416 Priscus,
517 377 543 422 ac
552 365 628 410 statim
636 363 789 474 exanimus.

64 425 66 429 ’
121 428 150 476 Id
160 428 264 475 Tiberius
280 429 351 475 solitis
361 429 402 474 sibi
413 429 542 490 ambagibus
558 428 616 490 apud
627 436 706 475 senatu
756 443 784 475 n·

121 495 215 547 cutavit,
233 508 284 539 cum
299 493 416 540 extolleret
432 493 545 554 pietatem,
563 494 665 553 quamvis
683 493 785 540 modicas

120 559 226 622 principis
240 559 331 619 injurias
346 559 426 605 acriter
440 557 611 614 ulciscentium
629 559 787 620 deprecaretur

122 631 168 670 tam
179 624 305 684 praecipites
314 624 432 670 uerborum
443 637 537 682 poenaa:
555 623 657 669 laudaret
665 622 786 683 Lepidum,

123 703 197 747 neque
216 687 340 749 Agrippam
351 695 461 749 argueret.
494 685 568 750 Igitur
585 687 670 733 facturn
687 685 742 735 Sd).
757 703 788 734 ne

124 754 213 801 decreta
223 761 312 814 patrum
323 759 375 798 ante
388 751 447 798 diem
463 751 573 798 decimum
587 753 614 799 ad
626 753 729 799 aerarium
746 753 787 799 de-

123 817 252 874 ferrentur;
267 818 335 878 idque
350 817 405 864 vitae
417 817 512 877 spatium
529 818 639 864 damnatis
652 832 787 879 prorogare·

125 888 177 933 tur:
197 883 235 928 sed
250 896 296 929 nou
310 881 395 928 senatui
407 880 499 928 libertas
513 882 541 927 ad
555 882 711 944 poeniteudum
722 889 786 939 ernt;

124 960 199 1007 neque
208 945 311 993 Tiberius
319 947 437 1009 interjectu
448 946 555 1008 temporis
563 947 715 1008 mitigabatur.

126 1040 185 1092 uc
201 1046 249 1092 775
321 1010 377 1058 LIl.
395 1009 422 1059 C.
432 1011 551 1073 Sulpicius,
562 1010 595 1059 D.
603 1011 712 1058 Haterius
720 1010 788 1059 Coss.

136 1076 191 1158 1Ὀ·
205 1078 256 1155 22·
288 1085 425 1137 acquantum
453 1076 579 1123 inturbidus
600 1077 699 1123 externis
721 1076 789 1124 rebus

154 1140 161 1154 ‘
188 1141 194 1154 '
238 1142 245 1157 ’
287 1157 366 1196 annus,
383 1142 443 1189 domi
456 1139 561 1203 suspecti.
574 1142 693 1188 severitate
707 1142 788 1188 adver·

127 1202 177 1253 sum
196 1207 281 1260 luxum,
299 1207 337 1267 qui
355 1208 489 1253 immensum
504 1213 635 1268 proruperat
651 1207 679 1252 ad
699 1214 788 1262 cunam,

127 1268 178 1333 quis
188 1272 420 1334 pecuniaprodigitur.
455 1271 500 1319 Sed
514 1271 556 1317 alia
570 1279 692 1325 sumtuum,
708 1285 788 1332 quam·
810 1316 813 1320 ,

126 1337 162 1383 vis
173 1337 282 1398 graviora,
298 1336 440 1383 dissimulatis
450 1336 580 1396 plerumque
590 1336 674 1397 pretiis,
688 1335 788 1383 occulta·

127 1401 224 1456 bantur3
240 1401 326 1447 uentris
336 1408 359 1447 et
369 1415 449 1462 gsneae
459 1407 555 1461 paratus,
570 1401 664 1447 assiduis
678 1403 789 1448 sermoni·

127 1466 170 1512 bus
187 1466 281 1527 vulgati,
299 1465 400 1512 fecerant
417 1480 499 1519 curam,
521 1481 551 1512 ne
569 1467 672 1527 princeps
691 1468 790 1527 antiquae

127 1530 271 1592 parcimoniae
282 1530 359 1576 durius
372 1531 503 1577 adverteret.
536 1530 608 1588 Nam,
623 1531 743 1593 incipiente
760 1529 791 1579 C.

128 1594 220 1648 Bibulo,
241 1596 317 1641 caeteri
335 1610 424 1657 quoque
442 1595 517 1641 aediles
536 1595 692 1655 disseruerunt,
715 1597 790 1658 sperni

129 1661 273 1705 sumtuariam
283 1659 364 1722 legem,
376 1660 489 1721 vetitaque
499 1660 626 1707 utensilium
633 1661 704 1722 pretia
712 1661 790 1722 augeri

129 1723 153 1768 in
173 1723 235 1780 dies3
252 1738 294 1770 nec
310 1724 458 1771 mediocribus
475 1725 579 1772 remediis
596 1725 644 1771 sisti
663 1741 745 1786 posset
767 1733 791 1771 et

128 1788 226 1835 consulti
241 1795 315 1849 patres
329 1790 441 1851 integrum
457 1789 480 1836 id
496 1791 611 1852 negotium
623 1790 651 1836 ad
665 1791 791 1852 principem

121 1852 269 1901 distulerant.
302 1853 348 1902 sed
357 1853 468 1909 Tiberius,
485 1869 544 1917 saepe
559 1854 616 1916 apud
633 1869 657 1900 se
671 1856 792 1917 pensitato,

131 1931 161 1963 an
180 1917 277 1964 coerceri
294 1925 340 1964 tum
359 1919 457 1981 profusoe
474 1919 590 1980 cupidines
607 1919 716 1980 possent?
736 1934 794 1967 num

131 1981 236 2029 co'e‘rcitio
246 1984 298 2044 plus
307 1984 382 2030 damni
395 1985 418 2030 in
433 1999 503 2045 remp.
512 1983 595 2030 ferreti
613 1999 681 2044 quam
698 1985 790 2031 indeco-

114 2045 179 2092 'rum
197 2053 321 2103 attrectare,
338 2049 398 2110 quod
415 2064 461 2096 non
478 2049 588 2094 obtineret
593 2064 601 2105 3
624 2049 661 2094 vel
678 2057 792 2095 retentum

129 2112 276 2172 iguondmarn
285 2121 308 2158 et
318 2113 431 2159 infamiam
440 2114 537 2160 virorum
545 2113 664 2159 illustrium
672 2122 775 2174 posceret
783 2131 792 2161 :-

129 2184 244 2237 postremo
255 2177 329 2224 literas
341 2179 368 2224 ad
379 2185 480 2224 senatum
492 2180 623 2239 composuit,
635 2194 729 2239 quarum
741 2195 792 2225 sen·

129 2243 200 2287 tentia
212 2243 235 2286 in
247 2243 306 2288 lrunc
317 2243 408 2288 modum
419 2243 469 2291 suit.

162 2303 233 2351 LllI.
250 2312 264 2334 ‘⁶
273 2305 369 2355 Caeteris
376 2308 468 2354 forsitan
479 2309 502 2354 in
510 2310 582 2362 rebus,
592 2307 619 2354 P.
628 2307 656 2356 C.
666 2311 740 2370 magis
751 2323 793 2355 ex·

128 2369 210 2430 pediat,
222 2385 259 2416 me
269 2386 344 2418 coram
355 2373 488 2434 interrogari
499 2379 521 2419 et
529 2374 609 2426 dicere,
619 2374 671 2434 quid
683 2390 696 2420 e
708 2375 796 2435 republ,

129 2449 247 2481 censeam:
273 2436 296 2481 in
315 2436 356 2482 bac
373 2438 487 2491 relatione,
507 2439 604 2485 subtrahi
624 2439 702 2485 oculos
721 2455 793 2493 meos,

128 2499 209 2545 melius
226 2499 275 2553 fuit,
295 2515 330 2553 ne,
350 2501 506 2548 denotantibus
525 2504 588 2548 vobis
606 2518 644 2553 ora
660 2519 687 2549 ac
706 2512 792 2550 metum

118 2563 272 2627 allagulorum,
301 2565 339 2628 qul
361 2566 460 2631 pudendi
479 2567 549 2614 luxus
569 2577 725 2625 argueremur,
744 2569 793 2628 ipse

106 2630 179 2676 etiam
195 2633 301 2682 viderem
316 2651 363 2690 eos,
382 2650 410 2682 ac
423 2635 491 2681 uelut
501 2632 673 2696 deprenderem.
703 2631 819 2687 Quodsi*

95 2705 197 2748 mecum
211 2712 270 2751 aute
279 2703 328 2753 viri
336 2703 439 2762 strenui,
448 2693 822 2758 aedilesconsiliurntiabxiissent,
