1680 2910
116 170 167 217 aas
312 160 607 214 SUPPLEMENTUM
680 165 794 217 nonu.

112 298 136 346 ni
158 311 234 345 mores
249 295 348 344 fuissent
368 297 398 345 sd
416 296 529 345 luxuriam
550 295 676 359 proniores,
701 309 783 351 naras

110 364 180 426 piscis
190 371 297 425 nepotum
307 362 443 425 principibus
448 362 646 416 laudatissimuse
656 361 716 409 mari
728 358 785 411 esr-

110 429 190 491 patbio
207 428 231 473 in
243 425 332 474 ltaliam
349 428 465 475 advectus.
497 425 661 488 Quinquennio
672 426 722 474 fare
732 422 786 473 curi

111 490 216 548 adhibiti,
233 492 331 554 Optatus
347 491 479 555 Elipertins,
489 492 612 554 praelectus
628 491 716 546 classis,
727 491 786 539 iuter

112 558 243 605 Ostiensem
254 565 277 604 et
289 555 422 620 Campaniae
433 573 495 605 aram
507 571 597 621 sparsos
607 557 640 605 ita
651 557 786 605 &messius-

112 624 154 676 vit,
166 631 191 670 ut
205 621 335 683 frequentes
345 624 389 670 hoc
402 625 427 670 in
437 625 504 671 litore
514 623 689 672 invenirentur:
710 623 786 684 sicque

112 689 167 735 satis
177 688 282 750 piscibus,
300 688 365 735 datus
379 690 436 736 muri
453 703 527 736 novus
540 688 621 745 incola,
641 695 710 736 sucis
721 687 787 736 novis

113 753 231 815 saporibus
241 752 303 816 guis.

147 819 193 881 [At
204 834 234 865 ne
243 819 305 866 victa
315 818 429 866 videretur
439 825 525 873 natura,
540 819 608 881 paulo
625 825 680 881 post
695 819 787 881 quidm

114 881 247 938 Perusinus,
258 899 327 945 eques
344 883 470 941 Romanus,
481 885 617 946 quaestorius
629 884 710 940 scriba,
721 899 786 932 men·

112 955 210 1011 tagram,
227 950 289 996 luem
306 950 427 1012 majoribus
441 951 585 1012 patribusque
595 950 748 1010 incognitam,
759 963 788 997 ex

114 1013 173 1062 Asis
181 1015 317 1076 importavit.
342 1012 675 1077 Malum‚tanrqaamseminas
686 1015 786 1076 plebem·
813 1053 818 1058 .

113 1095 158 1141 qne
173 1080 307 1142 negligeret,
325 1080 349 1126 in
367 1080 496 1141 proceribus
510 1081 539 1127 sd
550 1094 618 1127 omne
632 1079 704 1127 luxiis
719 1081 786 1143 inge·

61 1166 63 1171 ·
112 1145 176 1192 nium
187 1146 307 1207 praecipuis
317 1145 392 1191 veloci
402 1146 498 1193 transitu
509 1146 580 1192 cecidi
590 1145 624 1191 ita
633 1147 787 1206 grassabatur,

113 1218 139 1257 ut
147 1218 267 1273 occuparet
279 1211 303 1256 in
310 1210 387 1257 multis
397 1216 459 1258 totos
467 1211 551 1266 vultus,
563 1209 636 1257 oculis
644 1217 735 1258 tentum
743 1211 787 1257 inr-

111 1276 225 1331 snnnibas,
243 1275 390 1322 descenderet
405 1277 430 1321 in
446 1276 506 1323 colis
519 1282 644 1338 pectusque
659 1283 685 1323 et
699 1290 788 1333 manus,

112 1341 177 1387 foedn
187 1340 247 1387 cutis
257 1339 356 1386 furfure:
374 1339 471 1388 soediore
482 1341 555 1388 adbuc
572 1355 659 1395 corum,
676 1341 718 1402 qui
732 1355 787 1389 mss·

111 1406 191 1453 sticam
201 1405 364 1466 AEgyptiorum
372 1405 508 1453 medicinam
525 1407 570 1468 pati
579 1406 741 1461 toleraverant,
753 1407 786 1452 ci·

113 1472 202 1525 catrice,
212 1483 279 1530 quam
290 1471 376 1516 morbo.
409 1469 444 1516 Et
454 1479 515 1518 certe
526 1471 549 1516 id
557 1478 606 1517 toto
615 1486 667 1517 aevo
679 1473 787 1519 observa-

113 1537 175 1583 tione
182 1536 283 1598 dignum,
292 1536 352 1595 quod
359 1542 467 1596 quantum
479 1536 558 1598 opibus
565 1542 589 1582 et
596 1536 689 1592 deliciis,
697 1544 788 1584 tantum

113 1603 207 1648 uitiiset
215 1601 299 1648 morbis
307 1602 427 1647 crevimus.
527 1648 531 1654 ,

113 1698 139 1745 U
154 1696 174 1746 C
190 1703 238 1746 799
312 1664 429 1728 [Valerius
456 1665 571 1714 Asiaticus
591 1665 627 1714 11.
649 1666 687 1714 M.
703 1665 788 1716 Junius

121 1734 145 1812 J'
155 1731 181 1811 θ’
195 1732 245 1809 46⁸
280 1731 370 1779 Silanus
398 1731 539 1778 consulatum
570 1730 648 1787 iniere,
675 1732 788 1794 dignitate

140 1798 145 1809 '
177 1797 183 1810 “
228 1796 235 1809 ”
278 1811 350 1858 peres,
362 1795 436 1859 gratiis
444 1804 467 1843 et
475 1797 554 1858 opibus
569 1798 676 1859 dispares
696 1797 788 1844 sinnas

112 1868 173 1910 stato
191 1868 293 1924 tempore
304 1862 461 1924 magistratum
479 1862 562 1923 posuit.
594 1863 712 1910 Asiaticus
723 1879 785 1918 vero,

111 1927 166 1974 iicet
181 1928 205 1973 in
216 1934 290 1973 totum
307 1942 392 1974 annum
407 1927 546 1989 designatus,
563 1944 588 1975 se
604 1929 724 1976 abdicavit.
759 1926 788 1975 Id
805 1966 808 1971 .

113 1993 204 2054 quidem
215 1993 369 2053 praestiterant
376 2000 400 2039 et
408 1993 459 2039 alii:
478 1999 502 2040 at
510 1993 532 2038 hi
541 1994 636 2040 modicis
646 1992 753 2048 fortunis,
765 1999 789 2040 et

116 2057 259 2107 Circensium
274 2059 379 2105 ludorum
395 2058 511 2114 sumtibus,
528 2060 566 2119 qui
582 2059 731 2106 immoderate
745 2073 788 2105 ex·

114 2131 240 2177 creverant,
252 2125 357 2186 impares.
389 2121 433 2170 Ille
444 2131 529 2170 motam
540 2125 647 2186 principis
657 2123 741 2186 grstii⁴
753 2124 787 2170 al-

113 2195 163 2235 tcro
175 2189 299 2244 consulatu,
311 2190 427 2236 immensis
435 2189 519 2235 divitiis
531 2190 639 2236 invidiam
650 2191 784 2236 verebatur:

113 2254 309 2309 iurisconsultus,
322 2257 365 2315 qui,
378 2256 415 2301 ubi
428 2269 516 2301 summa
527 2256 606 2316 gratia,
618 2270 712 2316 magnae
724 2270 787 2316 opes,

115 2333 222 2380 arrepens
238 2320 328 2375 invidia,
341 2327 468 2383 suspectam
480 2327 503 2366 et
514 2321 610 2367 intutam
628 2335 679 2366 esse
694 2321 785 2366 modes·

113 2385 176 2438 tiam,
195 2385 289 2430 decoros
300 2401 355 2432 vero
366 2395 390 2432 et
400 2393 462 2432 tutos
473 2387 570 2432 honores
581 2388 701 2441 maximos,
718 2385 788 2432 modo

114 2464 161 2496 non
174 2450 311 2505 immodicos,
324 2451 383 2497 haud
394 2451 536 2512 intelligeret.

148 2512 292 2576 [Messalina
308 2517 336 2561 ob
354 2517 422 2563 luxtis
440 2516 584 2570 monimenta,
600 2531 652 2576 quae
664 2515 785 2569 invidebat.

109 2579 218 2631 Asiatico
230 2581 328 2639 infensa
336 2583 391 2644 quid
396 2582 505 2629 adsersus
511 2582 665 2632 eumsderen
672 2581 713 2627 M.
718 2579 786 2626 Vini·

46 2682 58 2711 k
103 2649 134 2698 cii
154 2650 225 2700 ruinii
245 2651 410 2716 praetentnuit.
441 2647 488 2694 ms
505 2645 596 2694 consui.
608 2651 676 2701 nm
690 2641 807 2685 &mix

104 2725 179 2783 “⁰³2
194 2719 330 2775 Caesarum
343 2701 822 2768 affirmateinminsvxnxcsus'nsxmn
