1680 2910
95 126 141 171 182
285 114 577 167 SUPPLEMENTUM
644 124 760 171 morse

92 266 174 314 meque
184 252 211 298 ab
220 250 302 312 Sejano
313 253 433 303 tententur,
442 245 552 304 Drusum,
564 248 587 295 in
597 247 690 299 Palatio
699 252 757 300 clau·

92 334 149 373 rum,
160 316 247 369 educat,
259 322 282 362 et
292 314 372 361 ducem
382 313 465 375 populo
475 313 582 376 imponat.

123 380 224 446 [Macro
242 380 329 428 Urbem
348 386 417 425 noctu
432 379 554 440 ingressus,
570 379 681 444 principis
693 383 756 445 jun

92 462 144 495 eum
157 446 269 493 Memmio
280 444 373 506 Regulo
384 443 483 498 consule,
500 452 524 491 et
534 444 645 495 Graeciuo
656 445 756 503 Iamne,

89 512 185 575 vigilum
203 510 317 574 praefeoto,
335 509 499 565 communicat;
517 516 645 570 ceteraque
663 513 694 559 ad
710 510 754 559 Ur·

88 579 123 625 bis
133 576 323 637 tranquillitatem,
344 572 442 623 Caesaris
458 574 607 629 securitatem,
621 576 699 640 Sejani
709 576 754 623 eai-

90 643 154 698 tium‚
171 642 280 704 providet.
312 638 403 687 Interea
422 636 508 693 Cesar,
525 639 549 685 in
567 655 658 689 summo
678 641 753 691 discri-

89 709 151 755 mine
161 706 246 755 nullam
265 705 319 753 satis
336 719 441 766 magnam
458 718 509 751 esse
519 706 661 766 prudentiam
672 714 753 763 cerum,

89 788 166 827 naves,
177 773 264 833 quibua,
280 772 300 817 ai
311 770 405 817 adversa
413 768 537 823 evenerint,
552 770 581 817 ad
591 769 713 821 fidissimae
723 772 752 821 le-

89 839 170 901 giones
180 835 298 899 perbrgiat,
309 845 401 896 aptarer
419 834 467 894 ipse
474 847 503 880 ex
514 833 624 881 altimimi
634 852 697 899 rupe,
708 838 753 901 aiq-

89 919 125 957 na,
137 917 195 964 quar,
207 916 236 947 na
246 901 318 947 nuntii
328 906 476 953 morarentur,
486 899 515 946 ad
530 900 579 961 spei
589 901 709 951 timoriare
718 903 751 951 ia·

90 968 153 1020 dicia,
165 966 214 1013 tulli
225 966 376 1015 mandaverat,
387 963 503 1023 speculari.
748 1010 751 1015 .

122 1029 236 1093 [Tandem
252 1028 328 1075 feralis
338 1028 412 1073 illuxit
422 1027 476 1073 dies.
510 1026 560 1074 XV
573 1027 691 1079 Kalendas
701 1030 752 1079 No·

88 1095 193 1148 vombris,
204 1094 277 1140 vocati
288 1099 362 1153 patrea
373 1093 396 1137 in
407 1091 478 1137 realem
489 1092 609 1154 Apollinis,
616 1094 706 1143 Palatio
717 1097 750 1143 vl·

87 1161 169 1212 cinam,
181 1155 313 1205 convenere
345 1156 442 1217 Sejanus
456 1156 504 1217 ipae
524 1158 591 1212 venit,
611 1161 751 1221 pretorianis

87 1226 198 1287 stipatus3
216 1222 327 1269 Palatium
338 1221 403 1275 subit,
414 1221 508 1282 visoque
524 1221 643 1279 Macrone,
656 1226 713 1273 nibil
723 1227 749 1273 li·

85 1298 183 1337 terarum
195 1287 318 1349 aprincipe
333 1286 361 1332 ad
380 1301 405 1333 se
423 1285 514 1341 allatum
532 1295 615 1349 stupet.
648 1289 749 1339 Atrum

85 1353 231 1401 veneratione
249 1350 389 1397 nMacrone.
402 1350 517 1406 emutatus,
532 1360 665 1415 secretoque
675 1357 748 1405 moui·

85 1426 130 1472 tus,
151 1432 175 1463 se
186 1416 310 1462 tribuniciae
326 1415 443 1476 potestatis
453 1415 563 1478 collegam
576 1434 589 1464 a
601 1416 695 1469 Caesura
710 1422 748 1469 ‹le-

84 1483 132 1545 llgi,
144 1496 198 1527 mox
209 1481 291 1526 dandas
302 1480 395 1533 consuli,
408 1481 445 1540 qui
455 1481 482 1527 ed
490 1490 563 1543 patres
575 1483 676 1542 referret,
687 1487 748 1547 priu-

86 1549 142 1610 cipis
152 1547 236 1603 literas,
247 1545 319 1591 aedem
330 1546 404 1599 intrat,
413 1546 472 1606 quod
480 1561 567 1594 summa
579 1550 670 1596 tandem
681 1551 748 1614 adep-

85 1620 123 1660 tus
135 1613 170 1664 sit,
182 1610 296 1672 superbus
313 1609 465 1657 Praetoriuuoa
476 1613 551 1658 statim
562 1613 682 1674 alloquitur
694 1615 747 1663 Ma-

84 1692 130 1731 cro,
149 1675 272 1737 principem
291 1675 319 1721 iis
338 1676 427 1736 singula
442 1675 558 1723 denarium
569 1679 638 1726 millia
649 1680 746 1744 elargiri,

85 1755 154 1801 reque
165 1754 242 1785 eorum
253 1739 384 1799 praefectum
396 1755 445 1786 esse
453 1742 553 1787 nuntiat:
573 1743 654 1791 deinde
662 1747 746 1797 curiam

83 1808 207 1867 ingressus,
225 1804 326 1864 datisque
341 1805 447 1866 principis
462 1805 539 1859 literis,
557 1808 584 1853 ad
601 1824 642 1855 cos
653 1811 746 1857 reuerti·

83 1878 127 1925 tur,
138 1876 162 1915 et
172 1870 201 1916 ad
211 1876 283 1915 castra
294 1869 360 1915 simul
370 1885 463 1931 pergere
477 1871 549 1931 jubet.
582 1871 627 1919 Rei
647 1876 747 1923 novitate

82 1936 129 1983 laeti
141 1935 220 1996 magis,
232 1949 298 1994 quam
307 1935 402 1988 attoniti,
413 1942 539 1996 properant.
567 1935 613 1983 Ubi
625 1938 745 1996 recessere,

83 2000 145 2048 Laco
156 1999 237 2060 vigiles
247 1999 290 2045 aedi
302 1998 414 2060 Apollinis
424 1999 577 2047 circumdedit.

114 2063 187 2129 [Turn
199 2063 295 2118 flamma,
307 2064 405 2123 ingentis
412 2064 464 2124 pilae
475 2065 549 2125 specie
559 2066 614 2120 visa,
625 2069 746 2131 statimque

81 2130 182 2183 evanida,
199 2143 258 2174 varra
268 2136 292 2174 et
302 2129 359 2173 mim
369 2129 505 2175 sectantibus
517 2131 631 2178 venebilis
646 2132 744 2181 tonunae

79 2198 123 2243 fuit
133 2194 265 2256 praeuuntin.
294 2191 387 2238 Petrum
398 2195 458 2239 enim
469 2204 523 2241 vota
533 2196 592 2243 inter
604 2205 627 2241 et
638 2199 745 2261 obsequia

79 2260 220 2308 tribuniciam
235 2266 368 2318 potestatem
389 2258 470 2319 sejano
480 2260 650 2320 gratulantium,
662 2266 745 2325 apertio

79 2324 178 2373 Caesaris
188 2318 265 2375 literis,
286 2321 409 2368 Memmius
418 2322 523 2386 Regulus
531 2325 627 2387 plurimu
638 2328 666 2375 dc
678 2330 744 2378 rebus

78 2391 107 2435 ad
124 2386 282 2448 rempublicam
302 2388 451 2447 spectantibus
470 2389 541 2450 legit3
559 2406 614 2439 mox
631 2408 704 2454 pauca
719 2402 742 2442 et

76 2454 180 2514 ambigua
197 2451 225 2496 de
242 2451 329 2512 Seiano,
348 2467 362 2498 a
378 2453 475 2513 patribus
493 2455 516 2500 in
534 2456 614 2504 melius
634 2468 741 2521 acceptu

76 2518 157 2568 deinde
173 2515 275 2576 ‹puaerlrrm
293 2517 321 2562 de
333 2516 414 2578 Sejano
430 2520 509 2573 tristia,
527 2522 660 2571 mirantibus
671 2525 739 2585 patri·

71 2589 120 2643 bns,
141 2596 212 2644 seque
229 2582 345 2628 nonnullis
354 2583 432 2629 abillo
442 2585 629 2639 brasociautibuua
643 2588 739 2646 <lenique

65 2648 243 2708 truculentiora,
265 2655 291 2696 et
305 2649 416 2713 priuo'mru
424 2649 497 2709 quassa
507 2655 625 2691 ammiti
635 2649 702 2697 buca
707 2654 752 2690 *a*
