1680 2910
112 57 163 105 aas
296 46 595 104 surcularium
674 51 788 102 unane

113 185 168 235 ‹lare
181 183 277 248 imperio
282 184 355 247 jubet,
371 183 488 247 vitantque
501 182 601 232 oum
616 180 643 230 in
658 178 752 245 privati
764 197 787 231 ra

115 266 192 315 agere.
224 249 320 297 Mobilis
328 247 408 298 (ἔωσιν
414 250 465 313 jam
477 248 600 305 dubitabat,
610 247 721 297 adhibitis
728 248 786 313 prin·

114 317 201 380 cipibus
218 316 280 371 viris,
297 330 326 362 an
345 316 516 378 obtemperaret,
533 328 587 361 can
604 313 738 361 nuntiatam
753 320 786 361 sat

115 381 257 431 Scriboniani
273 380 388 428 fortunam
406 381 525 428 evanidam
542 378 653 443 puliana:
673 376 786 443 hgicrwn

116 461 191 507 neque
202 446 287 508 arluilaa
297 447 379 502 ornari,
387 461 462 507 neque
472 447 539 508 rigna
548 444 650 493 convelli
658 445 788 505 merique

114 512 229 576 potuisse:
247 512 338 568 milites,
349 511 416 559 &tim
427 508 787 573 metaviohtnlideiputlnrein

114 577 272 641 prenitentiam
290 593 421 633 conversos,
438 574 528 627 Claudii
544 575 660 639 imglnas
679 573 787 628 adoriare

117 641 239 691 renovisae
260 651 443 701 sacrarnentunr3
468 642 650 695 Scribonianum,
677 646 786 687 mentm

86 758 91 771 ¹
117 708 194 764 animi,
211 710 235 757 in
251 707 326 757 lanam
336 709 433 757 insulam
443 706 573 771 profugisse
578 722 588 764 3
605 705 684 767 ilique
694 720 710 753 a
719 703 786 752 Vola·

116 774 188 887 pinio,
205 774 230 821 in
248 776 325 823 uxoris
340 775 436 838 gremio,
453 773 555 820 occisum
570 770 652 843 quintp
663 769 787 820 rebellionis

135 854 163 886 rc.

152 901 257 967 [Talibus
272 904 356 952 nuntiis
367 920 381 952 e
391 902 511 951 timiditate
521 902 551 950 ιὰ
561 899 710 950 securitatem
724 915 788 950 rern-

117 974 183 1017 cattas
193 970 304 1033 princeps,
310 969 459 1033 Volaginium
469 984 484 1016 e
493 966 684 1032 gregaricmilite
691 967 721 1017 ad
728 980 787 1015 orn·

118 1048 157 1081 nra
174 1034 262 1083 militias
279 1037 398 1097 provexit3
418 1040 494 1097 atqie,
515 1040 542 1081 ut
559 1033 706 1082 exerdtuunr
723 1030 787 1081 bila

118 1106 267 1155 consecraret,
289 1110 372 1162 prietes
394 1100 461 1147 solita
478 1098 573 1162 praemia
592 1097 670 1148 volun
688 1097 789 1210 Ἢ

119 1163 580 1227 septimametunrlecimamclaurllauas,
596 1162 662 1222 Piaa,
679 1161 701 1211 12
775 1174 789 1208 a

119 1237 200 1277 senatu
215 1228 336 1293 appellari3
352 1230 443 1280 laudem
460 1230 547 1292 providi
563 1228 674 1292 principia
690 1233 789 1291 reportar-

119 1301 190 1350 turus,
208 1297 234 1352 si,
252 1295 338 1357 punitis
353 1295 437 1360 flagitii
446 1296 603 1359 repertoribrra,
618 1299 718 1342 caeteros
727 1291 790 1341 ussi-

119 1358 233 1414 mulisset,
249 1367 289 1408 aut
303 1359 424 1409 clementii
437 1360 583 1408 devinxisset.
615 1358 650 1406 At
664 1357 789 1407 Messalina

119 1433 144 1472 et
154 1424 234 1480 liberti,
252 1425 341 1489 arrepti
357 1428 399 1474 hac
411 1426 519 1475 saevienrli
530 1426 588 1473 etin
598 1424 735 1486 quorumvis
745 1421 789 1469 lor·

120 1498 186 1538 tunna
197 1491 312 1539 involandi
323 1492 448 1549 occasione,
465 1507 518 1539 eum
529 1492 558 1538 ad
568 1489 715 1538 immodicam
727 1501 789 1535 seve·

120 1557 209 1604 ritatem
220 1554 389 1618 exasperbruut.
409 1555 545 1604 Vinicianus
555 1556 637 1616 aliique
645 1554 740 1617 plurimi
749 1568 789 1600 ro·

119 1620 217 1668 luntarii
227 1629 301 1669 morte
315 1622 426 1684 judicium
437 1618 580 1668 antevenire,
611 1617 708 1674 Coeteri,
727 1632 790 1666 sena

120 1693 188 1742 tores,
201 1688 293 1748 equites,
304 1688 348 1733 viri
359 1702 385 1734 ac
396 1687 502 1733 mulieres
513 1685 620 1733 custodiis
637 1684 791 1731 carceribusvs

121 1752 286 1799 attinebantur:
299 1752 328 1799 ad
338 1752 447 1799 indicium
458 1751 548 1798 attracti
559 1765 605 1797 non
613 1750 684 1797 modo
695 1748 755 1797 servi
766 1762 790 1794 ac

121 1817 201 1872 libcrti,
214 1818 254 1865 scd
264 1819 357 1880 ingenui
369 1833 459 1878 quoque
467 1823 516 1863 tum
524 1815 646 1878 peregrini,
657 1821 709 1861 turn
717 1815 788 1860 cives:

122 1883 225 1929 nonnulli
237 1884 304 1930 etiam
316 1884 422 1929 senatorii
434 1890 457 1929 et
467 1880 578 1942 equestris
589 1879 674 1926 ordinis
692 1888 792 1925 tormen·

122 1949 153 1994 tis
164 1949 251 2002 subditi,
263 1948 323 2002 licet,
343 1949 435 1994 ineunte
443 1948 578 2026 principatu,
590 1961 615 1992 se
626 1945 712 1991 nernini
724 1943 792 1989 libero

121 2020 235 2060 tormenta
246 2014 395 2060 adhibiturum
402 2015 502 2076 jurasset
514 2009 630 2060 Claudius
665 2007 727 2071 Ipse,
745 2022 792 2054 ms·

122 2078 173 2125 dius
190 2081 248 2126 inter
267 2079 378 2133 consules,
398 2076 453 2125 aelli
468 2077 540 2124 curuli
557 2083 597 2122 ant
607 2075 729 2121 tribunicio
740 2073 792 2119 sub·

122 2143 186 2189 sellio
197 2146 284 2199 sedens,
296 2144 435 2190 adstantibus
444 2141 544 2205 praetorii
559 2138 680 2203 pinsentis,
692 2152 793 2201 praesen·

122 2208 181 2255 tibus
192 2209 284 2263 libertis,
296 2210 325 2256 ud
335 2216 438 2257 senatum
450 2207 565 2261 referebat,
576 2205 701 2265 lassumque
712 2204 794 2266 nraJcs·

123 2280 194 2319 tutem
206 2275 360 2321 ulciscebatur.
374 2308 382 2319 .

159 2336 258 2399 [Praeter
275 2340 343 2393 viros,
361 2340 452 2386 feminae
463 2336 590 2399 complures
601 2335 624 2381 in
637 2348 730 2382 carcere
742 2347 795 2394 sup-

123 2402 190 2465 plicio
209 2403 311 2460 allcctae3
323 2405 382 2464 quod
393 2404 483 2459 foedius,
494 2403 552 2457 sliae,
564 2401 705 2463 captivarum
718 2400 797 2452 instar,

124 2469 205 2516 vinclis
217 2477 312 2521 onustae,
324 2470 352 2514 ad
360 2469 457 2515 tribunal
466 2468 661 2530 protrahebantur,
674 2479 797 2524 earumque

122 2551 220 2603 corpora
243 2537 269 2587 in
292 2535 423 2587 Gemonias
443 2532 628 2597 proponuntur.
656 2529 801 2574 annuum
