1680 2910
93 183 141 227 318
183 174 377 226 ANNALIUM
394 175 502 227 Iasxt
514 175 623 228 Ceam.
648 180 767 224 U.c.sar.

90 311 192 373 accingi:
212 325 255 358 nec
273 310 334 357 enim
350 310 470 366 occultum,
486 311 540 371 quid
555 317 608 373 post
623 304 671 358 tal'e
681 311 758 357 matri·

89 378 190 423 monium
203 382 336 437 superesset.
369 375 462 423 Subibat
472 376 522 423 sine
530 376 682 423 dubiometus
693 391 759 438 repu-

89 449 172 495 tantes,
183 442 285 488 hebetem
300 439 420 489 Claudium
431 449 455 487 et
465 443 533 490 uxori
548 442 688 495 devinctum,
700 441 775 488 mula»

89 512 169 567 tasquc
187 514 272 552 mortes
289 506 356 567 jussu
379 506 512 555 Messalinae
528 513 635 569 patratas.
670 505 761 554 Rursus

90 570 139 632 ipsa
148 569 243 617 facilitas
257 572 398 632 imperatoris
408 571 513 619 fiduciam
524 573 596 627 dabat,
608 572 629 618 si
642 573 760 619 atrocitate

89 636 189 682 criminis
200 637 377 698 praevaluissent,
389 652 455 700 posse
465 638 560 700 opprimi
571 637 704 684 damnatam
710 644 762 683 ante

89 715 157 761 quarn
175 715 244 748 ream.
278 702 323 748 Sed
334 703 357 748 in
372 718 400 749 eo
412 702 532 750 discrimen
542 703 608 756 verti,
624 703 644 748 si
660 701 760 748 defensio

91 765 210 821 audiretur,
223 774 292 828 utque
303 767 385 814 clausae
396 783 461 814 aures
472 769 539 815 etiam
548 766 668 814 confitenti
678 766 770 814 forent.-

121 830 221 878 XXIX.
238 832 274 879 Ac
284 833 357 894 primo
369 831 535 896 Callistusparn
547 832 603 878 mibi
611 833 674 879 circa
681 846 760 879 necem

92 894 120 944 C.
129 894 227 944 Caesarls
238 904 346 952 narratus,
358 904 382 943 et
393 897 504 960 Appianae
516 898 585 945 caedis
593 897 688 943 molitor
699 896 759 943 Nar·

91 963 170 1016 cissus,
182 959 398 1024 flagrantissimdque
409 978 436 1009 eo
448 965 471 1009 in
483 970 586 1024 tempore
596 959 672 1024 gratiis
684 961 759 1009 Pallas

91 1025 212 1088 agitavere,
231 1043 286 1073 num
304 1026 450 1074 Messalinam
470 1029 562 1076 secretis
576 1027 647 1074 minis
663 1027 759 1090 depelle·

93 1101 144 1139 rent
161 1107 237 1139 amore
251 1092 308 1146 Silii,
324 1100 405 1139 cuncta
421 1093 464 1139 alia
478 1093 666 1140 dissimulantes:‘
679 1092 767 1139 deinde·

92 1165 161 1212 metu,
175 1173 206 1203 ne
219 1157 248 1204 ad
258 1158 380 1219 perniciem
397 1158 455 1204 ultro
470 1159 618 1214 traherentur,
634 1158 757 1205 desistunt:

91 1221 173 1278 Pallas,
183 1238 224 1285 per
234 1223 363 1284 ignaviam
382 1220 496 1280 Callistus,
504 1224 585 1286 prioris
591 1238 684 1286 quoque
692 1224 760 1285 regiae

91 1288 183 1349 peritus,
196 1294 219 1334 et
229 1289 351 1350 potentiam
366 1289 444 1344 cautis,
462 1304 530 1350 quam
546 1288 645 1344 acribus,
659 1288 758 1336 consiliis

92 1354 163 1401 tutius
177 1353 259 1400 baberi.
291 1352 395 1400 Perstitit
410 1353 538 1410 Narcissus,
550 1361 580 1401 et
593 1353 668 1402 solum
683 1355 707 1400 id
718 1354 759 1399 im·

91 1426 189 1472 mutans,
201 1434 230 1464 ne
241 1434 285 1479 quo
297 1433 400 1465 sermone
411 1421 528 1481 praesclam
546 1420 648 1466 criminis
659 1427 683 1466 et
694 1434 759 1466 accu-

92 1485 172 1530 satoris
189 1483 279 1537 faceret,
298 1484 345 1545 ipsc
364 1485 392 1530 ad
413 1486 543 1532 occasiones
561 1487 671 1540 intentus,
691 1483 760 1545 longi

90 1550 150 1611 apud
162 1547 249 1596 Ostiam
263 1547 361 1596 Caesaris
371 1550 440 1605 mord,
453 1551 507 1596 duas
518 1550 615 1612 pellices,
633 1565 730 1611 quarum
741 1550 760 1594 is

91 1615 221 1676 corporibus
232 1615 329 1661 maxime
344 1615 478 1670 insueverat,
494 1616 613 1677 largitione
625 1630 652 1661 ac
663 1615 758 1676 promis·

92 1681 130 1730 sis,
146 1687 175 1734 et,
188 1695 257 1726 uxore
269 1679 361 1743 dejecta,
373 1681 423 1742 plus
433 1681 541 1743 potentiae
553 1681 696 1737 ostentando,
708 1695 758 1742 per·

91 1745 155 1808 pulit,
168 1746 302 1791 delationem
314 1746 394 1792 subire.

123 1809 208 1856 XXX.
226 1810 288 1857 Exin
299 1808 421 1872 Calpurnia
432 1812 466 1875 (id
478 1813 550 1875 pellici
562 1809 658 1873 nomen)
671 1811 709 1858 ubi
720 1811 758 1857 da-

90 1883 139 1921 tum
158 1883 275 1929 secretum,
289 1874 387 1923 Caesaris
402 1880 496 1939 genibus
512 1880 640 1940 provoluta,
657 1879 760 1939 nupsisse

90 1940 238 1988 Messalinam
251 1942 314 1999 Silio,
324 1943 446 1989 exclamat:
467 1944 534 1990 simul
546 1941 761 2005 cleopatramque

90 2006 150 2052 idern
162 2009 278 2068 opperiens
289 2003 395 2062 adstabat,
405 2024 432 2054 an
442 2008 605 2070 comperisset?
618 2009 758 2069 interrogat:

92 2079 159 2132 atque
176 2071 214 2118 illa
230 2081 348 2128 annuente,
366 2074 418 2119 cieri
434 2074 574 2128 Narcissum,
587 2073 695 2135 postulat.
728 2071 760 2126 Is,

90 2137 179 2183 veniam
198 2139 221 2183 in
239 2139 377 2200 praeteritum
389 2147 474 2200 petens,
486 2141 547 2200 quod
563 2140 584 2185 ei
599 2140 632 2184 cis
644 2137 761 2192 Vectium,

90 2202 123 2248 cis
136 2200 250 2249 Plautium
262 2205 452 2258 dissimulavisset,
465 2219 506 2251 nec
523 2219 584 2251 nunc
597 2203 710 2249 adulteria
721 2204 760 2249 ob-

86 2267 208 2328 jecturum,
221 2270 263 2314 ait:
284 2284 325 2314 nec
342 2269 441 2323 domurn,
457 2271 553 2332 servitia,
571 2277 594 2316 et
606 2268 763 2314 caeterosfor-

90 2338 153 2378 tunae
164 2339 254 2392 paratus
265 2349 381 2394 reposcere
391 2353 396 2381 ι
416 2333 527 2381 frueretur
537 2337 608 2381 immo
617 2335 646 2380 iis
656 2351 662 2379 t
677 2340 701 2380 at
711 2333 761 2379 red·

92 2396 155 2442 deret
166 2413 266 2450 uxorem,
284 2407 441 2461 rumperetque
453 2400 539 2446 tabulas
550 2399 669 2461 nuptiales.
700 2399 762 2443 “Aa

90 2460 233 2516 discidium,”
246 2464 323 2522 inquit,
342 2472 426 2512 “tuum
439 2463 514 2511 ndsti?
527 2480 578 2511 narn
587 2464 760 2510 matrimonium

90 2526 140 2572 sitii
155 2528 211 2573 vidit
227 2529 323 2590 populus
339 2538 362 2576 et
377 2541 467 2577 senatus
485 2537 508 2576 et
523 2530 603 2580 miles:
624 2544 657 2582 ac,
670 2530 694 2574 ni
706 2544 762 2590 pro-

78 2609 139 2659 pere
149 2596 208 2659 agis,
219 2602 284 2644 tenet
296 2597 376 2643 urbem
386 2598 491 2644 maritus.
637 2654 643 2663 „

113 2663 224 2715 XXXI.
241 2664 310 2714 Tum
320 2666 474 2729 potissimum
481 2667 782 2721 uvemummlmml‘·

65 2740 127 2784 ‘m‘
147 2737 316 2802 Primumque
333 2734 371 2783 rei
389 2727 557 2781 frumentarias
570 2717 718 2779 praetectum,
728 2711 801 2754 'iux-
