1680 2910
68 145 166 189 J.c.16.
219 143 412 193 ANNALIUM
429 139 524 192 Luall.
541 141 628 193 ΟΜ.
699 149 733 194 49

66 290 122 343 mett
137 283 161 323 et
170 275 301 324 violentiam
317 274 403 330 curslls,
419 273 465 336 qud
483 275 629 324 Germaniam
644 290 732 338 praere-

67 342 136 396 bitur,
147 341 220 389 donec
239 340 332 388 Oceano
346 341 479 387 misceatur:
499 340 528 386 ad
539 340 651 388 Gallicam
661 342 731 402 ripam

67 404 134 453 latior
151 413 176 453 et
196 405 304 468 placidior
322 411 345 451 et
362 404 473 461 afflueus3
493 420 560 451 verso
579 414 732 467 cognomento

67 469 180 518 Vahalem
190 471 274 517 accolae
284 471 377 527 dicunt;
394 484 448 516 mox
462 470 485 516 id
498 485 588 531 quoque
598 470 732 516 vocabulum

67 542 141 583 mutat
151 533 223 582 Mori
232 533 331 589 flumine,
346 535 443 597 ejusque
453 535 563 581 immenso
574 549 614 580 ore
626 535 730 581 eumdem

66 600 90 647 ia
101 598 220 647 Oceanum
230 598 359 646 effunditur.

99 662 160 711 Vll.
177 663 223 711 Sed
243 661 329 718 Cesar,
347 664 400 710 dum
418 663 540 726 adiguntur
557 678 631 718 naves,
650 664 729 710 Silium

65 729 167 792 legatum
180 743 237 785 ,cum
250 727 355 790 expediti
368 743 438 775 manu
451 729 595 789 irruptionem
608 729 630 774 in
648 726 730 776 Cattos

65 793 141 841 facere
152 793 230 857 jubetr
249 794 303 854 ipsc,
315 793 391 840 audito
402 793 517 839 castellum
530 791 626 854 Luppioe
641 791 729 839 flumini

65 858 193 921 apposiwm
210 857 311 912 obsideri
328 872 370 904 sex
385 857 487 919 legiones
501 873 529 903 eo
545 857 615 904 duxit.
648 856 730 918 Neque

67 923 123 971 sitio
134 924 164 970 ob
174 923 259 969 subitos
269 922 351 970 imbres
366 922 425 969 aliud
435 929 517 976 actum,
534 937 601 982 quam
618 930 643 968 ut
654 922 727 969 modi-

65 1002 116 1035 cam
126 987 233 1049 predam,
244 993 267 1033 et
278 986 342 1048 arpi,
353 987 459 1048 principis
468 985 594 1042 Cattorurn,
605 987 726 1049 conjugem

63 1051 178 1113 filiamque
188 1058 284 1113 raperet:
304 1066 377 1112 neque
394 1050 479 1099 Caesari
496 1051 581 1113 copiam
593 1066 676 1113 pugnae
687 1051 728 1098 ob·

64 1132 164 1164 sessores
187 1113 268 1172 loeire,
285 1116 314 1162 ad
331 1115 414 1162 lamam
432 1115 541 1162 adventus
558 1117 606 1177 ejus
629 1116 724 1176 dilapsi=

64 1182 176 1228 tumulum
186 1187 271 1236 tamem
282 1195 353 1242 nuper
358 1179 464 1227 Varianis
473 1180 599 1241 legionibus
610 1186 726 1234 structum,

63 1254 87 1295 et
98 1251 198 1293 veterem
209 1260 271 1293 mam
287 1244 368 1292 Druso
385 1245 457 1296 sitam,
476 1245 614 1306 disjecerant
648 1242 727 1290 Resti-

62 1312 107 1358 tuit
117 1325 196 1367 aram3
213 1310 336 1371 honorique
346 1310 414 1372 patris
424 1309 527 1371 princeps
535 1310 583 1370 ipse
591 1324 640 1355 cum
653 1309 726 1368 legio·

63 1376 128 1423 nibus
146 1375 283 1422 decucurrit:
301 1375 412 1422 tumulum
430 1375 510 1421 iterare
526 1374 684 1420 bauduinum:
704 1378 728 1420 et

62 1446 144 1487 cuncta
158 1440 217 1486 inter
232 1439 348 1487 castellnm
368 1439 486 1486 Alisonem
501 1454 526 1485 ac
538 1438 644 1485 Rhenum
662 1439 727 1486 novis

61 1505 168 1552 limitibus
210 1504 344 1565 genibusque
354 1504 486 1565 permunita
611 1560 614 1565 Ι

93 1567 167 1615 Vlll.
201 1583 282 1629 amque
300 1568 377 1615 classis
395 1568 521 1622 advenerat,
538 1583 597 1623 curn,
608 1568 726 1630 praemisso

62 1639 196 1688 commeatu.
205 1640 229 1679 et
239 1633 361 1680 distributis
369 1634 393 1679 in
401 1633 502 1694 legiones
510 1648 537 1679 ac
544 1634 617 1680 socios
626 1633 725 1688 navibus,

61 1699 154 1752 fossam,
165 1698 201 1744 cui
213 1696 335 1744 Drusianae
346 1713 435 1752 nomen,
444 1698 566 1759 ingressus,
577 1704 725 1759 precatusque

61 1762 165 1810 Drusum
176 1770 269 1824 patrem,
282 1770 308 1808 ut
318 1778 348 1816 se,
368 1763 446 1808 eadem
465 1777 551 1816 ausum,
568 1763 639 1809 libens
650 1763 724 1823 placa-

62 1836 144 1889 tusque
158 1826 264 1888 exemplo
274 1840 300 1873 ac
310 1825 419 1874 memorii
428 1827 571 1873 consiliorum
589 1836 656 1887 atquc
669 1842 723 1888 ope·

61 1890 725 2018 ttulitaddititiitittttttlsss‘lldt

62 2021 159 2069 Amisiae
170 2021 253 2074 relicta,
265 2020 324 2067 laero
335 2035 415 2077 amne;
433 2028 574 2079 erratumque
584 2022 606 2065 in
619 2035 653 2073 eo,
665 2019 725 2079 quod

61 2102 108 2134 non
119 2086 239 2143 subvexit3
255 2086 392 2146 transposuit
402 2085 502 2138 militem.
514 2085 605 2130 dextras
617 2084 641 2129 in
652 2091 723 2130 terras

60 2152 159 2199 iturum:
178 2151 209 2197 ita
219 2150 294 2211 plures
305 2151 352 2196 dies
368 2149 490 2196 efficiendis
505 2149 609 2211 pontibus
621 2149 726 2194 absumti.

60 2215 94 2263 ln
104 2230 174 2277 eques
181 2215 271 2276 quidem
279 2230 305 2261 ac
316 2215 418 2276 legiones
424 2214 496 2275 prima
506 2214 616 2267 aestuaria,
624 2213 724 2260 nondum

59 2287 203 2329 accrescente
224 2278 293 2333 undll,
313 2279 416 2340 intrepidi
436 2275 557 2326 transiere:
585 2284 724 2340 postremum

58 2344 194 2393 auxilientur
205 2358 294 2407 agmen
305 2342 432 2404 Batavique
441 2344 464 2389 in
475 2350 538 2406 parte
548 2340 581 2397 ed,
589 2343 641 2389 dum
653 2343 724 2390 insul·

58 2416 109 2457 tant
116 2409 188 2471 aquis,
200 2416 316 2469 artemque
327 2408 394 2455 nandi
404 2414 526 2461 ostentant,
538 2409 627 2462 turbati,
639 2415 662 2453 et
673 2409 724 2467 qui·

59 2475 111 2523 dam
125 2466 203 2521 hausti
219 2481 279 2520 aunt.
310 2473 410 2521 Metmrti
421 2480 492 2521 castra
505 2471 590 2521 Caesari
608 2472 723 2533 Angriua-

57 2540 144 2589 rionua
151 2536 268 2603 defection
278 2545 344 2605 tergo
355 2537 491 2590 nuntiatur:
507 2536 743 2589 dissonaconex-

50 2603 118 2651 lat'us
126 2618 180 2651 cam
191 2605 271 2669 equite
286 2616 312 2660 et
327 2606 452 2662 amaturis
463 2609 526 2668 leui,
541 2608 607 2673 igne
616 2613 643 2653 et
652 2598 766 2648 cedinus

42 2664 153 2717 &Mam
165 2671 231 2724 ultas
241 2683 291 2729 stt.

62 2742 148 2787 fot-r.
553 2760 568 2795 ῃ
