1680 2910
53 131 152 171 Lens.
204 124 396 174 ANNALIUM
407 125 461 171 Lm.
472 123 516 170 VI.
530 123 589 173 Car.
601 128 624 172 5.
676 129 718 173 191

56 260 120 307 nium
132 266 219 306 secreta
231 259 356 323 rimantem,
367 256 523 317 delectumque
535 271 548 303 a
560 256 649 318 Sejnno,
658 256 722 317 cujus

56 340 101 387 ope
111 324 176 371 dolus
188 322 217 372 C.
228 320 317 371 Caesari
327 329 457 384 pararetur:
476 322 537 382 quod
552 328 669 383 postquam
680 337 721 383 pa·

56 389 174 444 tet'aetum,
189 385 311 450 prorupere
326 392 435 448 concepta
444 387 530 448 pridem
542 386 608 443 odia;
625 393 649 432 et
659 401 722 433 aum·

54 469 123 567 purtem
133 454 266 518 supplicium
278 452 444 506 decernebatur,
456 452 479 498 ni
495 450 609 513 professura
616 451 724 500 indicium

65 535 93 568 or

91 582 138 633 IV.
156 582 191 631 Ut
209 598 264 630 vero
282 580 398 629 Latinium
416 579 531 628 Latiarem
550 576 672 644 ingressus¹
683 589 724 636 est,

56 657 176 697 accusator
186 664 212 696 ac
224 649 350 710 reusjuxta
361 647 434 702 invisi,
445 647 597 709 gratissimum
609 655 725 708 spectacu.

56 716 106 762 lum
117 715 263 777 praebebatur⁴
296 711 400 766 Latiaris,
412 719 438 758 ut
449 711 521 766 retuli,
527 712 658 774 ,praecipuus
669 712 723 758 olim

56 777 248 828 circumveniendi
259 776 314 823 Tun
331 777 413 829 Sabini,
432 783 456 823 et
472 784 526 824 tunc
544 777 633 824 luendae
648 791 724 839 poenae

56 845 145 920 primus
162 843 213 891 suit·
239 841 310 889 -lnter
320 857 371 902 qum
383 840 493 888 Haterius
504 841 607 904 Agrippa
618 842 723 889 consules

57 910 113 957 anni
123 907 204 971 prioris
214 908 304 962 invasit,
323 923 370 962 cur,
385 905 464 954 mutuis
474 908 617 953 accusatione
627 904 722 961 intenti,

58 989 120 1023 nnnc
131 972 241 1026 silerent?
255 980 341 1019 metum
360 986 452 1033 prorsus
471 978 495 1018 et
505 972 724 1019 noxiam'conscien·

58 1040 100 1087 tiae
118 1054 159 1100 pro
176 1037 362 1085 foederehaberi:
382 1043 406 1084 st
422 1051 468 1083 non
487 1037 586 1097 patribus
604 1037 723 1091 reticenda,

58 1119 112 1167 quae
122 1103 268 1150 audivissent.
299 1101 410 1164 Regulus,
422 1116 513 1147 manere
523 1109 612 1162 tempus
625 1101 724 1154 ultionis,

59 1184 131 1230 aeque
142 1183 218 1216 corum
233 1167 333 1230 principe
343 1173 516 1214 exsecuturum:
534 1163 600 1223 Trio,
612 1166 723 1212 aemulati·

59 1249 128 1282 onem
139 1234 199 1280 inter
218 1233 323 1295 collegas,
342 1238 371 1285 et,
392 1232 466 1293 siqua
481 1231 594 1278 discordes
607 1231 724 1293 jecissent,

58 1298 142 1346 melius
152 1297 270 1352 obliterari,
281 1296 402 1359 respondit.
428 1294 533 1358 Urgente
543 1293 652 1358 Agrippi,
667 1295 725 1342 San·

58 1364 150 1427 quintius
168 1361 294 1419 Maximus,
314 1377 327 1408 e
346 1361 509 1419 consularibus,
527 1363 600 1409 oravit
611 1369 723 1417 senatum,

59 1445 90 1478 ne
101 1443 167 1476 curas
177 1427 317 1490 imperatoris
328 1427 459 1488 conquisitis
469 1427 560 1489 iusuper
570 1426 725 1474 acerbitatibus

58 1501 185 1556 augerent:
204 1492 307 1540 sufficere
324 1493 397 1554 ipsum
409 1491 533 1538 statuendis
544 1491 655 1539 remediis.
687 1490 725 1538 Sic

59 1557 155 1621 Regulo
166 1558 232 1612 salus,
252 1565 275 1604 et
286 1555 365 1603 Trioni
376 1556 453 1603 dilatio
464 1556 526 1603 exitii
537 1557 637 1618 quaesita.
671 1554 724 1603 Hs-

60 1624 133 1674 terius
143 1623 236 1671 invisior
246 1621 296 1676 fuit,
312 1623 372 1683 quia,
393 1636 472 1668 somno
483 1628 522 1668 aut
532 1621 655 1674 libidinosis
665 1620 726 1682 vigi·

58 1689 96 1737 liis
115 1687 235 1741 marcidus,
247 1695 283 1743 et,
301 1688 330 1734 ob
346 1688 472 1748 segnitiam,
490 1687 594 1746 quemvis
613 1685 725 1733 crudelem

57 1753 184 1816 principem
200 1768 247 1800 non
264 1759 374 1807 metuens,
392 1751 514 1799 illustribus
532 1752 586 1799 viris
596 1751 725 1814 perniciem,

59 1820 120 1866 inter
127 1832 223 1880 ganeam
235 1833 261 1865 ac
272 1825 355 1879 stupra,
367 1816 521 1864 meditabatur.

93 1881 125 1930 V.
143 1881 205 1933 Exin
218 1880 288 1931 Cotta
304 1881 450 1936 Messalinus,
469 1882 601 1929 sevissimre
618 1881 726 1941 cuiusque

60 1948 182 1997 sententia:
192 1955 276 2003 auctor,
297 1963 369 2008 eoque
384 1945 511 1994 inveterati
520 1944 612 2000 inridit,
631 1946 668 1992 ubi
679 1946 726 2008 pri·

59 2028 124 2062 mum
135 2012 230 2061 facultas
241 2012 299 2067 data,
310 2013 411 2074 arguitur
421 2011 541 2073 pleraque:
563 2009 592 2059 C.
604 2008 726 2063 cesarem

60 2078 125 2139 quasi
135 2078 229 2125 incestae
239 2077 357 2132 virilitatis,
375 2085 405 2131 et,
420 2091 472 2123 cum
484 2076 520 2123 die
531 2076 600 2123 natali
611 2075 730 2138 Augusta

58 2143 120 2189 inter
126 2143 256 2193 sacerdotes
262 2142 395 2207 epularetur,
408 2144 439 2172 '¹⁸
452 2141 665 2189 novendialemeam
676 2153 725 2187 cne-

60 2223 115 2255 nam
132 2207 229 2255 dixisse:
248 2222 389 2270 querensque
405 2208 433 2255 de
446 2203 548 2270 poterint
558 2205 595 2252 Μ.
603 2204 683 2268 Lepidi
699 2220 726 2252 ae

60 2270 92 2319 L.
103 2272 214 2326 Arruntii,
225 2288 278 2321 cum
288 2273 369 2333 quibua
380 2273 467 2319 obrem
477 2271 627 2334 pecuniariam
639 2271 726 2331 discep-

60 2337 131 2394 tabat,
149 2337 267 2393 addidisse,
287 2335 366 2385 “Illos
377 2338 466 2398 quidem
477 2344 575 2391 senatus,
594 2351 632 2383 me
650 2344 726 2383 autem

60 2400 393 2451 tuebitur'liberioiusmeus:”
403 2417 476 2462 neque
487 2408 587 2449 cunctas
595 2401 728 2464 primoribus

61 2467 160 2514 civitatis
168 2468 339 2518 revincebatur:
359 2468 430 2528 iisque
439 2467 580 2521 instantibus,
591 2467 620 2513 ad
631 2468 728 2528 impura·

61 2537 135 2579 torem
146 2533 293 2593 provocavit:
313 2548 355 2579 nec
367 2533 438 2581 multo
453 2540 505 2595 post
516 2532 589 2580 literre
598 2531 736 2582 afferuntur,

53 2597 146 2705 gibus,
158 2597 182 2645 in
189 2598 282 2644 modurn
294 2596 443 2656 defensionis,
454 2599 554 2663 repetito
562 2598 627 2645 inter
640 2609 670 2641 se
678 2605 754 2663 aaut}

88 2667 145 2710 tram
166 2662 276 2713 acricr’tioe
293 2666 421 2736 principio,
444 2667 587 2730 crebrisque
604 2663 661 2725 ripun
681 2655 773 2703 affixum
