1680 2910
1 2590 32 2688 b

83 117 130 166 lto
173 120 366 172 ANNALIUM
382 118 586 171 Leucas
632 120 751 169 ihc-m·

82 247 197 305 deforet,
217 253 273 299 nihil
289 251 376 300 munst
392 252 522 300 monitate
531 251 593 305 vite,
611 248 751 313 maguitud-

82 328 134 360 nan
151 319 294 379 negotiorum
310 334 352 381 per
367 318 444 365 literas
453 317 585 365 excusavits
605 315 751 377 honoresque

81 381 198 428 memoriae
215 384 263 446 ejus
279 384 306 430 ab
320 394 400 429 senatu
418 382 482 444 large
499 382 609 435 decretos,
629 382 695 441 quasi
711 394 751 443 per

81 444 221 503 modestiam,
238 448 357 502 imminuit,
375 447 454 510 paucis
469 445 590 493 admodum
604 446 711 508 receptis,
727 452 751 491 et

81 508 164 566 addito,
184 525 213 558 ne
232 513 331 559 coelestis
345 511 425 575 religio
442 512 616 565 decerneretur3
633 510 667 557 sic
677 512 749 573 ipsam

82 573 195 623 maluisse.
229 575 292 631 Quin
306 584 330 624 et
342 584 405 639 parte
414 576 515 639 ejusdem
525 575 629 635 epistoiae
639 574 752 637 increpuit

82 639 192 687 amicitias
205 642 332 696 muliebres,
351 640 441 688 Fufium
458 639 574 687 consulem
591 639 683 701 oblique
699 654 750 702 per-

81 703 204 766 stringens.
236 704 260 753 Is
274 704 347 769 gratid
361 707 475 768 Augusta
490 704 605 759 flonaerat,
623 704 750 766 emussit-

81 767 167 816 cieudis
176 769 309 817 feminarum
325 771 421 827 animis;
438 771 504 817 dicax
514 771 580 824 idem,
598 775 623 816 et
633 766 750 817 'liberium

83 835 168 882 acerbis
178 834 264 882 facetiis
274 836 366 883 irridere
377 836 463 890 solitus,
480 849 574 896 quarum
589 835 651 899 apud
660 848 749 897 praepo·

82 904 158 946 tentes
168 901 192 947 in
203 901 297 965 longum
308 902 416 949 memoria
426 908 469 949 est·

117 962 165 1010 ΙΙΙ.
182 962 297 1014 Caeterum
309 982 338 1013 ex
352 981 380 1012 eo
397 965 565 1029 praeruptajam
576 976 601 1010 et
610 978 699 1026 urgens
709 963 749 1009 do·

84 1029 193 1077 minatio:
214 1046 272 1086 nam,
283 1031 390 1079 incolumi
405 1028 520 1093 Augustb,
531 1035 579 1076 erat
589 1028 663 1075 adbuc
672 1026 749 1091 periu-

84 1094 164 1155 gium3
181 1097 234 1157 quia
243 1096 336 1143 'liberio
348 1096 497 1143 inveteratum
508 1108 563 1156 erga
573 1102 670 1140 matrem
684 1092 749 1139 obae-

84 1159 168 1219 quium,
187 1175 261 1222 neque
279 1161 373 1223 Sejanus
392 1160 487 1208 audebat
504 1159 634 1206 auctoritati
651 1158 751 1219 parentia

84 1226 184 1272 anteire:
204 1232 266 1281 tunc,
287 1227 351 1272 velut
368 1224 437 1272 irenis
456 1223 560 1278 exsoluti,
583 1228 748 1285 proruperunt:

85 1289 205 1350 missaeque
224 1291 247 1336 in
266 1290 415 1353 Agrippinam
432 1305 459 1336 ac
470 1288 588 1335 Neronem
598 1288 678 1343 literae,
695 1301 751 1349 quaa

85 1353 170 1415 pridem
181 1355 267 1411 allatas,
276 1364 299 1402 et
309 1356 417 1402 cohibitas
429 1355 456 1401 ab
468 1350 582 1415 Augusti,
593 1352 690 1399 credidit
699 1351 750 1399 rui-

85 1432 145 1479 gus:
162 1420 221 1465 baud
234 1420 294 1467 enim
308 1420 405 1468 multum
415 1426 467 1481 post
477 1425 574 1467 mortem
586 1418 635 1480 qius
652 1418 752 1475 recitate

87 1490 147 1530 sunt.
179 1483 256 1531 Verba
275 1486 362 1533 inerant
381 1482 478 1546 quaesitb
494 1484 628 1547 asperitate:
648 1482 688 1529 aed
705 1496 751 1529 non

84 1561 153 1604 unna,
172 1564 218 1597 non
236 1564 309 1596 rerum
327 1565 437 1597 novarum
457 1549 571 1606 studium;
588 1547 752 1617 amoreajuac·

84 1626 146 1668 num,
166 1620 189 1659 et
207 1614 365 1675 impudicitiam
383 1615 459 1679 nepoti
476 1612 610 1677 objectabat:
629 1612 655 1659 in
670 1627 752 1667 nprum

86 1691 117 1723 ne
130 1677 253 1738 idquidem
267 1678 396 1742 confingere
409 1694 484 1735 ausus,
504 1678 657 1741 arrogantiam
668 1676 715 1726 oris
731 1683 754 1725 ct

85 1748 240 1789 contumacem
251 1745 351 1793 animum
365 1745 482 1799 incusavit,
502 1757 587 1807 magno
604 1742 697 1789 senmds
711 1755 753 1809 pa·

85 1820 141 1853 sore
151 1822 178 1853 ac
189 1808 295 1867 silentio;
312 1809 384 1857 donec
394 1809 466 1871 pauci,
477 1806 528 1870 quis
543 1807 605 1863 nulla
615 1821 646 1853 ex
656 1807 752 1855 honesto

86 1885 144 1933 ppes,
161 1872 197 1936 (et
206 1873 294 1935 publica
304 1875 363 1921 mals
373 1873 469 1936 siugulis
484 1874 508 1921 in
519 1873 660 1921 occasionem
671 1871 753 1948 gratias

85 1936 215 1998 trahuntur)
240 1945 265 1985 ut
285 1939 411 1993 referretur,
430 1936 578 2001 postulavere,
597 1936 753 2001 promtissime

87 1997 158 2051 Cotti
169 2003 300 2059 Messalino,
321 2019 373 2050 cum
390 2004 461 2051 atroci
477 1999 603 2051 sententia:
623 2001 664 2049 aed
674 2000 724 2049 aliia
738 2016 754 2059 ,a

85 2068 226 2129 primoribus,
246 2070 387 2129 maximeque
404 2083 418 2117 a
433 2067 606 2179 papistratibus,
626 2066 753 2131 trepidaba-

86 2138 137 2179 turz
156 2134 239 2195 quippe
249 2131 361 2190 Tiberius,
378 2134 421 2180 etsi
471 2148 525 2181 ense
540 2133 651 2191 inuectus,
671 2138 754 2187 caetera

85 2210 122 2245 am
138 2198 143 2209 ”
163 2213 191 2245 ua
202 2198 327 2258 reliquerat.

120 2259 134 2307 1
159 2295 166 2309 .
184 2260 238 2309 Fuit
252 2263 276 2309 in
290 2269 369 2311 senatu
386 2261 469 2313 Junius
480 2263 597 2319 Rusticus,
613 2274 754 2325 componen-

86 2326 121 2373 dis
131 2334 221 2388 patrum
232 2327 288 2375 sctis
298 2328 419 2376 delectusa
431 2326 529 2385 cesare,
544 2343 617 2391 eoque
624 2325 753 2375 meditatio-

87 2402 129 2445 nes
140 2392 189 2454 ejus
199 2392 344 2453 introspicere
352 2393 460 2440 creditus:
474 2395 500 2449 is,
511 2392 572 2440 fatali
583 2392 682 2453 quodam
690 2398 755 2447 motu

88 2455 174 2523 (nsque
191 2457 250 2504 enim
269 2465 321 2505 ante
331 2458 445 2519 specimen
455 2457 588 2505 constantim
597 2454 703 2517 dederat)
716 2469 755 2503 scu

86 2520 157 2584 pravd
174 2521 280 2576 sollertid,
299 2523 360 2579 dum,
379 2523 544 2581 imminentium
563 2521 652 2577 oblitus,
670 2521 757 2569 ineerta

80 2594 159 2651 pavet,
178 2587 278 2637 inserere
293 2604 319 2636 se
329 2588 489 2642 dubitabimus,
505 2585 756 2637 somonereconsulee.

74 2668 109 2717 59
130 2656 273 2717 Quaem
293 2657 443 2741 inciperentt
467 2649 645 2707 disserebumua,
660 2638 772 2701 meppea
