1680 2910
59 305 160 355 acsi·
201 301 396 356 ANNALIUM
413 306 466 355 Lm.
474 303 522 354 XI.
533 301 594 356 Cae.
604 307 643 354 14.
682 310 732 356 309
748 264 770 281 ¹⁴

62 436 177 484 miraculis
196 440 340 486 assimulata:
361 455 412 487 nam
432 439 487 501 ipse,
506 434 679 499 haudquiquam
696 437 731 484 sui

52 502 182 558 *detractam
202 521 269 550 unam
282 506 374 552 omnino
385 520 484 567 anguem
495 505 518 550 in
530 503 633 550 cubiculo
649 503 732 559 visam,

63 580 154 614 narrare
164 570 244 616 solitus
256 578 297 617 est.
353 599 356 602 >
728 596 730 603 ι

85 632 158 681 axii.
176 634 263 682 Verum
276 636 391 699 inclinatio
407 635 484 698 populi
499 640 620 697 supererat,
640 647 670 680 ex
680 648 731 680 me·

63 698 135 744 moriri
148 700 287 754 Germanici,
305 702 369 763 cujus
382 701 423 748 illa
444 701 527 761 reliqua
544 699 632 746 soboles
643 698 729 753 virilisz

62 769 86 810 et
94 765 160 810 matri
172 766 306 828 Agrippinae
317 767 431 813 miseratio
442 767 571 828 augebatur,
583 765 612 810 ob
621 764 732 811 saeuitiam

64 828 212 888 Messaimae3
230 846 282 892 quae
301 847 388 893 semper
404 831 492 886 infesta,
513 836 536 878 et
555 837 731 888 tunc-commu·

63 894 114 948 tior,
126 911 172 955 quo
183 896 259 943 minua
267 904 364 943 strueret
374 896 502 943 crimiua'et
512 900 660 950 accusatores,
669 909 734 942 novo

63 966 87 1004 et
105 959 176 1008 furori
192 963 296 1022 proximo
311 976 387 1008 amore
404 961 552 1008 detinebatur.
583 959 651 1006 Nam.
665 960 689 1006 In
702 956 732 1009 Ο.
764 971 769 991 ¹

64 1024 153 1080 Silium,
165 1027 293 1088 juventutis
304 1025 417 1073 Romanae
428 1025 610 1088 pulcherrimum,
621 1025 654 1072 ita
664 1039 731 1072 exar-

64 1097 130 1144 serat,
151 1100 176 1137 ut
186 1091 279 1140 Iuniam
292 1091 399 1149 suanam,
411 1091 509 1140 nobilem
520 1090 634 1145 feminam,
650 1089 730 1136 matri·

64 1156 142 1201 monIo
154 1158 202 1219 ejus
219 1158 356 1215 exturbaret,
374 1170 491 1218 vacuoque
502 1152 603 1202 adultero
613 1155 732 1217 potiretur.

64 1218 148 1281 Neque
160 1223 228 1269 Silius
239 1221 320 1284 flagitii
337 1230 376 1270 aut
394 1221 488 1285 perIcuIi
502 1221 591 1268 nescius
608 1227 672 1267 erat:
692 1220 732 1267 sed

64 1293 134 1338 certo,
148 1287 166 1333 ai
182 1287 296 1343 abnueret,
312 1288 388 1344 exitio,
408 1296 432 1334 et
450 1283 560 1334 nonnulli
575 1284 667 1332 fallendi
685 1299 733 1347 spe,

65 1351 132 1398 sinnii
147 1353 236 1415 magnis
255 1353 360 1414 praemiis,
380 1353 477 1415 opperiri
490 1351 567 1399 futura
581 1357 604 1397 et
614 1351 732 1412 praesenti·
789 1365 792 1374 ¹

63 1415 106 1462 bus
121 1416 173 1471 frui,
192 1433 232 1480 pro
248 1418 449 1465 solatio-habebat:
469 1417 508 1464 illa
526 1414 673 1470 nortorum,
691 1416 732 1462 sed

64 1482 137 1534 multo
149 1483 256 1530 comitatu
267 1484 379 1530 ventitare
395 1484 494 1538 domum,
510 1481 637 1544 egressibus
654 1480 731 1527 adhae-

65 1561 173 1604 rescere;
199 1548 276 1610 largiri
299 1564 359 1610 opes,
380 1549 497 1604 honores:
523 1552 645 1610 postremo,
667 1545 750 1602 uelut

65 1611 172 1660 translati
179 1613 227 1675 jam
238 1612 335 1669 fortuni,
354 1615 420 1671 servi,
432 1613 512 1670 liberti
523 1618 614 1675 paratus
624 1610 731 1674 principia

64 1676 123 1738 apud
133 1678 258 1725 adulterum
270 1680 407 1727 visebantur.
433 1717 437 1733 ,

90 1741 172 1791 xlii.
190 1744 224 1791 At
245 1742 360 1801 Claudius,
379 1745 516 1793 matrimonii
536 1744 571 1791 sui
591 1744 689 1806 ignarus,
707 1747 731 1788 et

64 1808 142 1855 munia
152 1810 254 1856 censorIa
265 1825 381 1872 usurpans,
389 1809 523 1856 theatralem
530 1809 607 1872 populi
615 1808 731 1855 lasciniam

60 1874 150 1930 ,severis
169 1875 247 1922 edictis
266 1876 384 1937 increpuit,
403 1874 465 1935 quod
483 1875 506 1921 in
526 1873 553 1921 P.
571 1873 732 1936 Pomponium,

64 1940 212 1995 consularem,
226 1942 257 2004 (is
269 1941 369 1987 carmina
380 1955 455 1987 scenae
466 1937 543 1999 dabat)
555 1939 623 2001 inque
634 1939 731 1986 feminas

24 2038 34 2048 ,
63 2004 168 2060 illustres,
180 2006 260 2067 probra
265 2007 358 2068 jecerat.
391 2004 425 2052 Et
436 2005 488 2066 lege
498 2003 545 2050 latai
556 2004 665 2069 sevitiam
682 2018 733 2050 ere·

63 2069 161 2116 (litorum
173 2072 280 2125 coe'rcuit,
295 2087 325 2118 ne
336 2071 359 2117 in
376 2077 474 2121 mortem
490 2076 608 2131 parentum
625 2068 732 2130 pecunias

62 2133 260 2182 filiis-familiarum
272 2135 354 2183 foenori
366 2136 452 2182 darent.
473 2134 603 2196 Fontesque
616 2148 732 2194 aquarum,

64 2200 91 2245 ab
111 2201 245 2248 SimbruinIs
264 2201 357 2248 collibus
373 2202 489 2256 deductos,
501 2199 559 2246 Urbi
577 2199 661 2245 intulit.
695 2198 733 2244 Ae

64 2280 135 2312 nouas
152 2266 267 2313 literarum
283 2266 367 2313 sannas
385 2266 469 2312 eddidit
487 2265 634 2327 vulgavitque
642 2280 655 2321 ;,
667 2277 732 2310 com·

63 2332 135 2391 perio,
156 2333 262 2378 Graecam
282 2347 372 2393 quoque
382 2331 520 2378 literaturam
531 2345 578 2376 non
589 2327 657 2376 simul
668 2343 732 2390 coep·

64 2401 111 2441 tam
123 2396 300 2459 absolutamque.
550 2429 564 2452 s
594 2426 595 2430 =
745 2434 750 2440 .

90 2459 168 2506 .x1=v.
188 2461 259 2508 Primi
271 2478 311 2524 per
320 2460 406 2525 figurae
419 2461 549 2509 animalium
560 2460 667 2524 AEgyptii
678 2474 732 2507 aen·
751 2494 756 2503 .

63 2540 103 2572 sus
114 2527 197 2573 mentis
208 2527 360 2590 effingebant3
380 2529 418 2591 (ea
428 2527 582 2588 antiquissima
592 2527 734 2573 monimenta

63 2593 181 2638 memoriae
192 2592 297 2639 humanae
309 2593 419 2654 impressa
430 2593 491 2640 sarus
499 2589 633 2651 cernuntur)
646 2596 670 2637 et
679 2590 732 2636 lite·

63 2671 139 2704 rarum
158 2664 230 2704 semet
247 2658 378 2704 inventores
389 2658 505 2720 perhibent
512 2674 527 2715 5,
537 2656 590 2704 inde
602 2655 732 2711 Phoenicas

63 2723 116 2782 quia
126 2723 184 2768 mari
198 2723 367 2789 praepollebaut,
384 2723 490 2770 intulisse
500 2723 614 2774 Graecae,
628 2720 742 2778 alcim-

59 2801 104 2845 que
118 2788 221 2851 adeptos,
240 2789 521 2854 tamquamarepererint,
538 2801 598 2848 qum
612 2780 768 2854 &wi-2⁸⁸·

53 2847 114 2903 Qvi
124 2875 143 2894 o·
165 2854 230 2906 fama
242 2873 267 2906 e:
337 2857 435 2907 almum
462 2855 546 2904 classe
555 2841 791 2899 aucensem·
