1680 2910
61 286 166 349 son.
242 278 575 332 manuninum
690 289 739 337 ass

68 415 166 471 Omnes,
177 413 326 479 flagrantibus
344 416 441 478 partium
460 415 547 471 studiis,
564 414 685 477 reliquum,
695 416 739 466 diei

66 489 207 543 nocternque
217 482 342 536 absumere,
353 491 377 528 et
387 482 512 528 libertatem
524 479 589 528 moris
598 482 698 543 perdere.

101 545 189 610 [Casus
204 553 288 601 tamen
308 561 355 593 non
366 547 491 602 consilium,
508 547 602 609 imperio
614 545 735 595 Claudium

65 612 176 660 admovit.
209 611 314 658 Rumore
323 612 393 659 caedis
403 613 531 667 exterritus,
544 612 572 658 ad
584 609 665 659 Palatii
676 613 736 661 sola·

65 677 125 725 rium
144 684 300 740 prorepserat:
320 678 379 724 inter
392 684 503 738 praetenta
521 677 606 724 loribus
616 677 668 725 vela
678 678 735 726 late·

64 742 210 798 batahditus,
231 758 283 789 cum
303 743 431 789 discurrens
447 742 506 789 forte
525 744 645 805 gregarius
661 745 734 799 miles,
774 775 777 779 -

64 808 229 856 animadversis
244 809 344 870 pedibus,
359 824 372 854 e
390 808 464 854 studio
483 807 610 855 sciscitandi
628 809 732 869 quisnam

63 880 133 930 esset,
149 889 201 921 eum
215 874 317 936 agnovit,
336 881 513 935 extractumque,
533 882 557 920 et
567 888 615 935 prae
626 885 689 921 metu
705 874 734 922 ad

63 952 141 1000 genna
152 940 193 985 sibi
205 939 350 992 accidentem,
363 937 524 1000 Imperator-em
537 937 656 996 salutavit;
673 939 734 986 etad

63 1004 231 1051 commilitones
245 1004 357 1066 perduxit
390 1005 414 1049 A
432 1003 508 1050 furore
523 1004 552 1050 ad
562 1004 731 1051 venerationem

63 1069 140 1116 statim
152 1070 262 1124 conversi,
278 1069 342 1115 illum
356 1069 443 1115 lecticae
454 1070 579 1130 imponunt,
596 1076 619 1114 et
630 1069 730 1117 vicissim

62 1135 214 1182 succollantes
228 1137 253 1181 in
271 1142 344 1181 castra
360 1134 464 1180 deferunt
475 1135 562 1181 tristem
573 1148 600 1180 ac
611 1134 730 1195 trepidum,

61 1198 129 1247 obrid
139 1201 261 1247 miserante
272 1199 345 1254 turbd,
356 1200 418 1260 quasi
430 1199 458 1246 ad
468 1213 559 1260 poeuam
568 1206 683 1260 raperetur
693 1201 729 1246 in·

40 1273 43 1277 '
61 1279 123 1312 sons.
156 1265 272 1327 Receptus
285 1265 345 1312 intra
361 1265 454 1322 vallum,
474 1265 533 1311 inter
552 1264 656 1318 excubias
668 1265 729 1311 mili·
783 1264 786 1271 '

60 1336 111 1377 tum
121 1332 271 1393 pernoctavit,
280 1331 367 1377 minore
376 1345 422 1392 spe,
433 1345 500 1391 quam
512 1327 600 1376 fiducid.

94 1392 188 1458 [Patres
199 1396 267 1451 enim,
285 1395 410 1442 libertatem
425 1395 484 1442 inter
502 1401 525 1441 et
541 1409 613 1441 novos
624 1394 728 1442 dominos

58 1459 147 1515 incerti,
170 1463 243 1508 adhuc
262 1462 394 1516 certabant;
420 1475 446 1506 ac
471 1460 562 1507 Sentius
584 1459 726 1518 Saturninus,

58 1527 149 1583 consul,
169 1527 271 1573 omnium
283 1520 370 1572 dnimos
381 1526 409 1572 ad
418 1525 544 1572 libertatem
555 1524 627 1572 ferme
637 1526 723 1573 erexit:

57 1591 168 1648 hortatus,
181 1599 206 1639 ut
217 1607 273 1647 eam,
286 1593 420 1653 insperatam
431 1591 490 1646 licet,
509 1590 577 1637 deum
593 1596 670 1638 tamen
681 1591 725 1637 im·

56 1657 188 1704 mortalium
206 1672 300 1704 munere
311 1657 415 1710 oblatam,
434 1654 508 1704 Cassii
518 1654 622 1704 Chaereae
632 1655 723 1703 fortitu·
745 1714 748 1719 ,

57 1721 111 1768 dine
124 1730 239 1777 assertam,
260 1723 456 1785 amplexarentur:
476 1722 535 1767 diem
550 1721 608 1768 hauc
620 1721 661 1768 sibi
672 1721 724 1783 glo·

55 1787 146 1841 rioeam,
157 1788 254 1850 posteris
265 1788 349 1842 laetam,
366 1787 471 1835 aetatibus
481 1786 585 1833 omnibus
595 1800 724 1834 memoran-

55 1851 108 1899 dam
130 1851 245 1900 facerents
273 1853 388 1900 servitutis
410 1851 474 1906 mala,
495 1851 638 1912 imperitante
659 1851 723 1900 Julio

55 1915 150 1966 Caesare
161 1925 242 1980 coepta,
258 1918 358 1980 Augusti
370 1925 393 1963 et
404 1915 488 1963 Tiberii
499 1917 658 1980 principatibus
668 1932 722 1965 auc·

53 1988 83 2038 ta,
96 1999 110 2030 a
122 1980 180 2031 Caio
191 1984 305 2030 cumulata
316 1983 448 2044 cogitarent.
468 1981 664 2036 Dominationem,
675 1984 722 2030 vir·

52 2042 139 2095 tutibus
147 2048 265 2104 infensam,
276 2049 403 2096 libidinibus
413 2048 518 2109 grassari.
550 2046 722 2110 Rempublicam

51 2112 164 2160 bonorum
183 2115 266 2161 civium
278 2113 358 2160 studiis
370 2128 396 2160 ac
406 2113 506 2175 praemiis
517 2112 566 2158 niti.
600 2111 676 2160 Penes
687 2113 721 2175 ip-

51 2192 91 2225 sos
102 2193 153 2226 esse
169 2187 194 2227 ut
209 2180 329 2226 reviliscat
344 2179 441 2232 libertas,
459 2178 497 2225 vel
514 2184 624 2224 aeternum
641 2179 723 2225 obruta

113 2251 130 2291 t
148 2244 249 2299 Addidit,
261 2243 414 2304 “Utcumque
425 2244 468 2290 erit
478 2249 556 2289 vestra
566 2243 684 2298 sententia,
691 2243 720 2288 li·

79 2309 144 2356 rtatis
154 2310 261 2364 vindices,
273 2317 297 2356 et
307 2311 406 2356 maxime
413 2306 519 2357 Cassium
531 2305 659 2364 Chaeream,
670 2323 720 2354 me·

50 2374 102 2420 ritis
112 2374 235 2422 honoribus
246 2372 375 2422 decorate’'

83 2436 200 2501 [Orationi
215 2441 263 2487 vim
277 2441 361 2486 addidit
374 2437 477 2488 Chaereae
488 2438 622 2502 praesentia3
640 2445 720 2486 nocte·

48 2518 94 2565 que
100 2506 150 2566 jam
161 2505 243 2562 adulti,
262 2506 366 2552 consules
381 2505 498 2560 allocutus,
511 2505 602 2567 signum
613 2504 684 2567 petiit,
696 2510 720 2551 et

48 2569 235 2623 “Libertatem'’
247 2572 345 2632 accepit3
362 2571 490 2617 laetantibus
501 2569 606 2616 omnibus
614 2568 719 2616 consula·

46 2634 79 2681 ris
93 2637 212 2697 potestatis
228 2645 251 2683 et
262 2636 389 2698 reipublicae
400 2636 572 2691 monimentum,
590 2642 626 2681 tot
637 2634 717 2681 abhinc

45 2713 120 2748 annos
131 2701 290 2756 intermissum,
311 2701 423 2748 renovari.
455 2699 522 2755 Mox,
538 2707 563 2747 ut
575 2697 720 2748 caicamus
751 2758 754 2763 ¹

41 2765 136 2825 penitus
153 2767 330 2824 exscinderetur,
352 2763 675 2828 &stolidissimum
688 2760 737 2807 iil·
779 2800 796 2864 i

69 2840 120 2877 vor,
131 2843 148 2877 1.
487 2836 507 2882 ᾖ
519 2848 538 2881 s.
651 2879 653 2881 ,
748 2844 757 2865 ¹·
771 2860 774 2863 -
