1680 2910
92 189 151 234 rsa
171 163 366 233 ANNALIUM
382 181 486 234 unm
498 182 606 235 omno.
641 186 761 232 uonn-
781 173 783 176 ⁴

62 348 64 353 ,
123 313 223 362 XVIII.
236 314 290 370 Qut
300 313 368 362 causi
381 314 409 364 C.
420 315 506 372 Silium,
516 309 539 363 et
550 314 637 364 'lidum
649 315 758 363 Sabinum

90 382 235 444 aggreditur:
255 381 353 428 amicitia
364 382 493 428 Germanici
511 382 635 445 perniciosa
651 382 757 442 utrique;

91 447 147 494 Silio
158 452 188 501 et,
208 447 268 507 quod
285 446 385 507 ingentis
398 446 512 492 exercitiis
527 454 612 507 septem
628 462 669 508 per
684 461 759 492 annos

90 511 224 565 moderator,
235 510 349 572 partisque
359 511 417 572 apud
430 511 576 558 Germaniam
588 511 758 573 triumphalibus

91 576 242 623 Sacroviriani
256 576 309 622 belli
321 576 399 629 victor,
419 584 503 635 quanto
515 578 599 638 majore
609 577 671 623 mole
681 576 756 637 proci·

90 642 159 696 deret,
172 641 222 701 plus
233 640 359 686 formidinis
369 641 393 686 iu
405 641 460 686 alios
472 641 648 702 dispergebatur.
669 638 755 688 Crede·

89 706 261 767 bantpleriqua,
280 712 368 751 auctm
388 704 534 751 offensionem
554 706 624 766 ipsius
642 706 756 765 intempe-

90 769 168 825 rantii,
180 770 300 816 immodice
306 771 420 832 jactantis,
430 785 495 817 suum
507 770 601 816 militem
613 771 636 816 in
648 771 756 830 obsequio

6 880 7 883 ,
90 836 270 890 duravissecum
278 835 351 881 aliiad
359 834 479 881 seditiones
487 835 667 896 prolaberentur:
682 849 757 894 neque

89 914 220 946 mansurum
231 898 323 947 'liberio
334 900 458 961 imperinm,
471 901 489 945 si
498 900 525 945 iis
531 914 619 960 quoque
629 899 758 960 legionibus

90 965 170 1027 cupido
181 965 280 1012 novandi
289 963 376 1011 suisset.
410 963 507 1010 Destrui
524 980 564 1026 per
581 965 631 1010 haeo
640 964 755 1011 fortunam

90 1044 153 1076 suam
177 1027 262 1085 Caesar,
293 1030 445 1092 imparemque
466 1036 529 1076 tanto
552 1030 632 1076 merito
660 1030 755 1076 rebatur.

89 1093 152 1142 Nam
173 1094 282 1142 beneficia
298 1110 325 1141 eo
343 1110 415 1156 usque
430 1094 484 1141 laeta
499 1102 559 1148 sunt,
581 1095 635 1140 dum
651 1094 757 1140 videntur

88 1159 176 1207 exsolvi
195 1175 276 1221 posse:
296 1159 332 1206 ubi
348 1159 445 1207 multum
462 1157 604 1214 antevenere,
622 1174 663 1220 pro
682 1157 756 1220 gratiis

89 1225 166 1272 odium
178 1225 283 1272 redditur.

120 1288 196 1338 XIX.
219 1289 278 1337 Erat
301 1295 363 1336 'uxor
385 1289 440 1337 silio
470 1288 535 1336 Sosia
558 1289 632 1342 Galla,
664 1289 756 1335 caritate

89 1353 223 1417 Agrippinae
242 1355 315 1401 invisa
335 1355 438 1416 principi.
471 1353 524 1400 Hos
541 1355 628 1415 corripi,
646 1353 715 1400 dilato
726 1353 756 1400 ad

89 1426 179 1482 ternpus
188 1419 277 1474 Sabino,
284 1420 403 1482 placitum:
418 1420 576 1480 immissusque
582 1417 657 1465 Varro
668 1418 755 1472 consul,

88 1485 134 1545 qui,
149 1491 252 1546 paternas
262 1485 390 1532 inimicitias
401 1486 531 1540 obtendens,
547 1484 604 1530 odiis
622 1483 696 1546 Sejani
716 1498 757 1544 per

89 1549 186 1595 dedecus
203 1564 268 1595 suurn
286 1547 459 1612 gratificabatur.
491 1549 603 1596 Precante
614 1563 652 1595 reo
663 1548 755 1593 brevem

89 1629 183 1667 moram,
202 1614 255 1660 dum
267 1621 383 1661 accusator
400 1615 518 1661 consulatu
529 1614 605 1668 abiret,
624 1614 756 1659 adversatus

89 1684 125 1724 eat
137 1675 230 1726 Caesar:
250 1678 341 1726 solitum
352 1680 435 1742 quippe
445 1678 620 1742 magistratibus,
638 1678 696 1724 diem
708 1677 755 1739 pri-

88 1742 148 1789 vatis
165 1743 251 1790 dicere:
271 1759 313 1790 nec
330 1745 498 1807 infringendum
518 1743 617 1790 consulis
631 1744 677 1805 jus,
690 1743 754 1804 cujus

88 1807 173 1870 vigiliis
185 1808 299 1863 niteretur,
318 1824 347 1855 ne
358 1811 418 1870 quod
429 1809 524 1871 respubl.
541 1808 701 1854 detrimentum
714 1822 752 1853 ca·

88 1878 159 1934 peret.
187 1871 306 1935 Proprium
315 1875 338 1919 id
344 1872 435 1921 'liberio
445 1873 494 1930 luit,
502 1873 586 1920 scelera
591 1888 663 1934 nuper
668 1879 756 1934 reperta

88 1937 168 2000 priscis
179 1939 253 1985 verbis
263 1940 377 2000 obtegere.
410 1937 485 2001 Igitur
500 1937 572 1984 multi
582 1937 755 1991 asseveratione,

89 2003 152 2064 quasi
161 2004 292 2066 autlegibus
301 2018 352 2049 cum
360 2003 417 2050 silio
424 2009 535 2065 ageretur,
544 2001 662 2049 autVnrro
668 2001 758 2057 consul,

88 2074 129 2115 aut
139 2068 195 2114 illud
205 2069 301 2130 respubl.
311 2075 377 2123 esset,
390 2076 503 2130 coguntur
512 2072 599 2129 patres}
618 2067 698 2114 silente
708 2081 755 2122 reo,

88 2132 134 2187 vel,
151 2134 170 2179 si
182 2132 334 2180 defensionem
346 2141 462 2195 coeptaret,
475 2147 520 2179 non
534 2132 671 2189 occultante,
690 2132 754 2193 cujus

89 2197 123 2244 iri
133 2206 278 2260 premeretur.
303 2196 450 2246 Conscientid
460 2198 512 2244 belli
526 2197 631 2244 Sacrovir
641 2197 680 2242 diu
689 2196 754 2242 dissi-

88 2263 193 2318 mulatus,
205 2263 300 2310 victoria
307 2279 347 2323 per
357 2263 472 2310 avaritiam
481 2262 571 2317 foedata
583 2270 607 2309 et
614 2276 672 2307 uxor
680 2261 753 2316 Sosia,

89 2329 251 2388 arguebantur:
283 2343 325 2374 nec
344 2328 409 2374 dubie
431 2328 603 2389 repetundarum
625 2326 756 2373 criminibus

88 2393 216 2438 haerebant:
236 2392 275 2438 sed
286 2400 368 2439 cuncta
378 2394 504 2453 quaestione
515 2392 637 2455 majestatis
648 2392 754 2445 exercita,

88 2463 113 2503 et
130 2456 198 2503 Silius
217 2456 554 2504 imminentem-damnationem
565 2457 693 2504 voluntario
709 2454 756 2501 fine

86 2523 213 2583 praevertit.

112 2586 175 2634 XX.
192 2586 305 2638 Saevitum
315 2588 501 2643 tameninbona,
509 2594 600 2642 nomut
609 2585 758 2646 stipendiariis

59 2655 180 2712 pecuniae
192 2656 360 2716 redderentur,
378 2671 482 2721 quorum
499 2669 570 2701 nemo
580 2650 712 2710 repetesis·¹
729 2647 774 2690 aad

68 2723 83 2744 ⁴
92 2718 228 2775 liberalitas
240 2724 358 2793 Augusti
372 2724 467 2783 avulsa,
485 2714 632 2783 computatis
640 2707 788 2768 tingimus.
