1680 2910
115 144 216 190 noer.
268 139 462 189 nunnnrun
478 139 577 190 nem
590 102 698 192 omn}
748 148 781 195 or

103 280 168 321 eretz
186 270 362 334 praefeceratque
382 269 426 320 Cn.
439 270 552 328 Pisonem,
571 273 664 335 ingenio
681 274 771 323 violen-

101 345 153 384 tum
163 344 187 385 et
198 338 298 398 obequii
314 339 425 400 ignarum,
440 336 509 386 insiti
521 335 605 385 serocid
617 353 632 385 a
645 343 709 400 patra
726 338 769 387 Pi·

99 417 165 457 aona,
181 403 229 464 qui,
245 402 306 448 cirili
322 403 388 457 bello,
405 409 547 463 resurgentes
561 403 585 449 in
600 401 679 450 Africi
692 411 767 466 partes

100 467 212 515 aoerrirao
228 467 353 514 miniatem
369 467 475 514 adversus
489 465 605 515 Caesarem
616 468 690 528 juvit:
710 483 766 517 mox

100 529 201 578 Brutum
216 538 241 579 et
257 529 362 580 Cassium
375 538 471 584 meatus,
488 545 596 578 concesso
610 532 689 585 reditu,
705 533 764 594 psti-

99 596 163 643 tiona
173 597 284 643 bonorum
294 596 407 651 abstinuit,
422 597 493 643 donec
507 596 566 642 ultro
580 596 707 652 ambiretur,
722 598 763 645 de·

96 660 171 707 lanam
182 661 210 708 ab
221 661 329 722 Augusto
339 661 478 708 consulatum
494 660 602 722 accipere.
632 659 685 716 Sed,
702 676 762 722 prae·

100 732 136 771 ter
145 731 252 787 paternos
263 725 359 787 spiritus,
370 725 447 771 uxoris
454 739 543 785 quoque
554 724 670 771 Plancinae
681 727 762 773 nobili-

98 795 146 836 tate
157 796 181 836 et
191 789 270 850 opibus
280 789 452 836 accendebatur:
471 790 511 835 vix
521 786 611 836 'liberio
622 790 759 838 concederes

96 853 181 901 liberos
191 856 248 915 qua,
265 860 290 901 ut
306 853 401 901 multum
416 851 481 908 infra,
499 853 641 916 despectarez
660 869 702 901 nec
718 855 760 903 du·

97 918 160 964 bium
171 919 272 974 habebat,
288 933 314 964 ae
329 919 446 973 delectum,
461 918 499 978 qui
512 918 586 978 syrie
601 919 760 981 imponeretur,

95 982 127 1029 ad
144 997 196 1044 spes
211 983 341 1030 Germanici
356 982 496 1029 co'e'rccndas.
529 980 651 1030 Credidere
661 983 759 1043 quidam,

96 1046 150 1094 data
168 1053 192 1093 et
209 1061 223 1094 a
241 1046 333 1093 'liberio
351 1047 438 1093 occulta
452 1046 568 1093 mandata:
588 1054 611 1094 et
627 1045 758 1096 Plancinam

96 1111 157 1159 baud
176 1111 243 1157 dubie
261 1110 369 1172 Augusta
388 1112 476 1156 monuit
492 1110 594 1157 muliebri
615 1113 760 1161 aemulatione

96 1175 248 1238 Agrippinam
265 1175 402 1222 insectandi:
427 1175 498 1222 divisa
518 1189 615 1236 namque
630 1183 654 1222 et
675 1175 759 1225 discors

95 1241 148 1286 aula
157 1245 213 1294 erat,
224 1239 297 1285 tacitis
308 1239 331 1285 in
342 1239 445 1287 Drusum
456 1245 495 1284 aut
504 1238 665 1287 Germanicum
674 1241 760 1289 studia.

90 1302 211 1361 ·'l'1berius,
232 1311 258 1350 ut
275 1304 388 1365 proprium
410 1310 433 1349 et
454 1303 489 1349 aui
501 1304 632 1365 sanguinis,
654 1303 758 1352 Drusum

93 1368 199 1416 fovebat:
220 1367 356 1415 Germanico
371 1368 476 1414 alienatio
491 1369 564 1429 patrui
580 1383 679 1416 amorem
698 1369 757 1431 apud

94 1442 191 1480 oaeteros
201 1439 309 1488 auxerat3
326 1440 351 1479 et
360 1433 412 1493 quia
420 1433 553 1480 claritudine
562 1435 656 1480 materni
667 1434 758 1495 generis

93 1499 200 1553 anteibat,
211 1512 278 1544 avum
290 1497 327 1544 Μ.
333 1496 468 1553 Antoniano,
479 1498 614 1544 avunculum
625 1496 757 1560 Augustum

92 1563 184 1610 serena:
204 1569 283 1608 contra
293 1560 372 1608 Druso
378 1576 475 1623 proavus
482 1576 551 1622 eques
558 1561 676 1609 Romanus
684 1561 755 1611 Pom·

92 1628 176 1690 ponius
186 1626 285 1680 Atticus,
296 1626 403 1673 dedecere
415 1623 560 1674 Claudiorum
571 1627 680 1689 imagines
691 1628 755 1674 vide·

91 1691 174 1738 batur:
193 1698 217 1738 et
227 1692 311 1753 conjux
322 1691 459 1745 Germanici,
472 1690 604 1752 Agrippina,
619 1689 758 1741 fecunditate

92 1753 199 1803 aelami
214 1753 311 1811 Liviam,
330 1770 423 1802 uxorem
443 1753 522 1810 Druai,
540 1756 695 1816 praecellebats
715 1756 756 1803 aed

84 1820 173 1868 ‚fratres
183 1821 277 1883 egregie
286 1820 414 1877 concordes,
431 1828 454 1868 et
464 1820 616 1882 proximorum
626 1820 754 1869 certamini·

91 1885 136 1935 bur
145 1886 281 1933 inconcussi.

126 1948 221 1999 XLIV.
239 1950 291 1998 Nec
312 1951 384 1997 mullo
404 1956 456 2011 post
477 1947 569 1996 Drusus
590 1949 614 1995 in
636 1947 753 2010 Illyricum

91 2017 176 2064 missus
186 2023 227 2072 est,
244 2027 271 2062 ut
284 2022 397 2063 suesceret
406 2014 499 2067 militiae,
515 2014 632 2074 studiaque
642 2013 754 2062 exercitus

90 2087 195 2144 pararet;
212 2080 279 2127 simul
292 2082 408 2143 juvenem,
423 2079 507 2126 urbano
522 2079 577 2125 luxu
592 2078 754 2136 lascivientem,

90 2145 174 2192 melius
183 2145 208 2190 in
218 2145 381 2192 castrishaberi
391 2143 501 2198 Tiberius,
517 2159 586 2204 aeque
600 2143 706 2189 tutiorem
716 2157 754 2190 re·

89 2211 163 2265 batur,
181 2217 275 2270 utroque
288 2207 334 2255 lilio
350 2209 452 2271 legiones
466 2208 587 2255 obtinente.
619 2206 665 2253 Sed
683 2207 755 2256 Suari

89 2271 751 2337 pretendebannreauxiliumadversusCheruscosoranteas

90 2354 145 2386 nam
160 2338 261 2384 discessu
274 2336 437 2393 Romanorum,
453 2352 479 2384 ao
494 2337 559 2384 vacui
569 2342 664 2382 externo
680 2345 751 2393 metu,

88 2403 167 2466 gentis
176 2401 326 2456 nsuetudine,
344 2409 367 2449 et
377 2409 426 2448 tum
441 2401 584 2448 aemulatione
592 2401 679 2463 gloriae,
690 2415 753 2448 mma

88 2469 114 2515 in
131 2481 158 2514 ae
173 2473 295 2521 verterant.
326 2465 370 2513 Vis
388 2467 511 2522 nationum,
531 2466 604 2524 virtus
622 2465 704 2512 ducum
726 2465 751 2512 in

89 2547 167 2594 aquo:
187 2531 228 2579 aad
238 2529 404 2578 Maroboduum
415 2532 476 2595 regia
485 2545 570 2579 nomen
579 2530 681 2577 inrisum
694 2528 760 2590 apud

77 2597 219 2709 ωαψς
235 2595 374 2660 Arminium,
390 2596 696 2670 probonnbeumtam
702 2592 774 2642 W
